2884 5138
254 233 468 308 ,PHYSICAE
491 233 861 312 mentumis
907 263 954 340 43

138 333 325 412 nuntiato
353 334 539 406 maximam
570 355 702 407 tontum
737 339 833 434 ponit
871 338 1002 438 spotti,

137 460 353 540 quantunia
391 435 501 506 Tetra
533 431 583 506 tst
623 435 663 507 ad
700 461 888 513 ooncavunr
929 444 1001 515 Fir.

140 535 332 624 manituti,
358 555 396 606 ut
419 533 521 606 habet
547 533 689 610 Cluvius
716 535 750 607 iu
777 535 915 634 sphaern.
939 545 1003 618 Sed

138 637 322 739 opiniones
346 636 415 734 jam
442 635 485 708 de
510 633 654 710 iixntunr
690 636 850 714 distantia
887 665 1003 731 recen,

134 740 287 815 stamus.

188 839 301 912 Prima
325 834 445 935 opinio
473 834 577 908 Plinii
604 835 676 928 est,
702 835 1001 918 fixarumoiuan·

135 938 219 1014 tiam
249 935 409 1012 incertam
437 937 593 1036 ponentis
611 965 628 1010 r
653 957 724 1038 quo
748 939 915 1020 nirfatru
951 943 1000 1019 sa·

133 1039 233 1114 cilius
259 1040 329 1112 esi.

143 1170 147 1182 ·
184 1141 334 1215 Secunda
361 1137 483 1236 opinio
520 1138 566 1211 est
594 1137 924 1238 Pythagoreorum,
956 1171 1000 1220 ex

136 1239 347 1315 harmonicis
387 1237 578 1314 intervallis
615 1241 809 1314 distantiam
845 1241 999 1336 syderum

132 1341 391 1436 derivantium.
419 1341 476 1414 Sic
502 1338 596 1413 eninr
625 1339 724 1414 refert
754 1342 842 1416 Piin.
872 1345 932 1418 lib.
962 1371 996 1421 2.

134 1471 206 1544 cap.
233 1467 291 1520 21.
315 1442 522 1540 Pythagoras
544 1469 641 1529 vero,
673 1444 728 1515 vir
741 1447 870 1540 sagacis
898 1449 1001 1518 animi

81 1536 87 1556 ¹
131 1573 154 1618 o
190 1553 291 1619 Turta
314 1549 361 1616 at
393 1549 522 1616 Lunam
558 1539 705 1617 126000
733 1545 912 1633 stadiorum
942 1549 1000 1642 effe

136 1648 265 1745 collegit
275 1679 296 1737 ;
318 1649 361 1716 ab
381 1671 417 1716 ta
437 1647 532 1740 usque
553 1647 598 1715 ad
615 1648 901 1746 stlem'duplam3
927 1650 1004 1720 inde·

139 1747 185 1816 ad
222 1769 278 1816 12.
295 1747 391 1840 figna
437 1747 636 1842 triplicatam
656 1777 677 1836 ‚·
705 1748 741 1817 in
761 1773 825 1842 qua
847 1749 1005 1838 sementia

135 1849 179 1916 (θ’
201 1849 319 1917 Gallus
339 1845 504 1941 Sulpicius
521 1846 609 1936 fuit.
640 1842 805 1918 Concinit
836 1844 999 1922 Pliniana

140 1943 327 2019 narrationi
353 1942 557 2020 Censorinus
582 1945 624 2017 dt
642 1942 697 2016 die
724 1939 999 2044 nattiiCap.1r.

139 2045 310 2122 Distatent
331 2045 365 2118 in
394 2046 453 2120 hac
479 2043 643 2120 sententia
670 2044 745 2120 ἧκα
761 2069 789 2120 'a
815 2049 922 2120 Tetra
950 2071 1000 2144 24

136 2147 274 2221 circiter
298 2144 553 2222 semidiametris
587 2149 720 2238 Tettae,
745 2147 893 2247 essetque
918 2169 1000 2222 runc

136 2247 279 2323 fixarum
292 2249 558 2348 parnlitxis200.
572 2255 627 2348 23⁰
647 2303 657 2336 ‚
680 2271 806 2350 quanto
829 2271 999 2322 certenon

138 2351 182 2422 est
221 2353 328 2424 Lunae
364 2348 578 2447 paralloxis.
615 2351 671 2420 Est
708 2373 819 2424 autem
857 2345 1001 2423 fixarum

140 2450 321 2548 paraliticis
346 2448 490 2525 omnino
516 2448 643 2540 nulla,
681 2447 737 2524 seu
769 2451 916 2526 omnino
949 2449 1003 2525 in·

138 2549 318 2630 sensibilis.

148 2684 150 2688 ¹
191 2647 792 2750 TertiaopinioPinronicoruroest‚
815 2649 1002 2749 quoshasce

137 2749 292 2853 respuisse
319 2754 614 2852 Pythagoreorum
650 2751 821 2827 mensuras
857 2752 1001 2830 insertur

135 2881 178 2926 ex
202 2849 335 2928 S'atutni
364 2856 405 2927 ab
423 2852 580 2953 iispofita
606 2852 767 2949 distantia*
791 2877 997 2951 27000000

140 2951 473 3032 semidiametrorum
498 2957 636 3030 Terrae.
666 2958 789 3056 Longe
807 2955 914 3056 tnagis
937 2952 999 3047 igi-

140 3072 193 3124 tur
220 3051 293 3128 fixae
320 3054 441 3129 distant
460 3109 472 3145 ,
493 3081 569 3155 quae
594 3059 694 3158 longe
718 3059 806 3131 uitta
817 3061 1001 3128 Saturnum

140 3173 227 3224 cette
252 3156 443 3230 constituto
466 3155 565 3228 sunt.

193 3249 324 3337 Quarta
350 3253 469 3350 opinio
493 3255 652 3332 innititur
673 3250 836 3329 distantiat
862 3246 1000 3340 Saturni

139 3347 275 3451 Apogei
303 3377 322 3426 n
345 3354 477 3445 Terta,
499 3381 561 3454 quo
586 3357 749 3451 mojorem
772 3349 834 3423 esse
857 3347 1000 3524 iixgtum

928 3474 951 3522 ι.
