2918 5348
527 289 603 385 446
721 287 1085 362 cnrurrr.
1234 271 1239 278 '

476 387 680 466 milliarium
707 385 907 462 Italicorum
919 419 940 480 ;
967 385 1054 464 ultra
1081 413 1185 489 quarn
1209 415 1229 463 a
1251 397 1345 469 Ter.

474 519 512 566 ta
539 489 728 564 distantiam
764 512 856 561 tanta
894 489 940 562 est
976 487 1100 582 aeris,
1137 490 1343 593 ideoque&

476 617 647 692 vaporum
686 585 832 686 (siqui
862 587 908 660 ibi
935 587 1047 684 sunt)
1089 589 1272 684 tenuitas,
1306 623 1346 670 ut

478 695 534 766 vel
560 691 722 790 digituius
749 715 839 786 aquae
882 687 1042 764 immensa
1070 689 1138 766 fere
1162 689 1266 790 spatia
1290 724 1340 770 re.

476 794 569 894 pirre
599 790 720 890 possit.
745 792 843 863 Bono
869 789 974 888 igitur
1000 791 1118 866 animo
1141 791 1264 868 simus.
1291 803 1340 871 0·

476 895 575 970 ceani
604 890 803 968 imminutio
828 917 848 962 a
874 887 1071 988 dispersione
1084 893 1147 966 hac
1174 915 1338 994 vupor'unt

475 1021 584 1092 neque
616 992 798 1080 sensibus,
844 1017 954 1089 neque
1002 993 1245 1095 imaginatione
1277 1001 1338 1072 de.

475 1093 662 1192 prehendi,
685 1117 790 1186 neque
814 1089 948 1166 rarione
973 1092 1132 1171 subdubia
1156 1095 1254 1172 statui
1276 1125 1336 1171 un.

478 1219 581 1294 quam
609 1193 735 1290 potest.

527 1296 625 1368 Num
649 1293 787 1366 demum
814 1291 854 1366 ad
881 1291 1041 1376 Planerar
1067 1294 1184 1388 aiios,
1211 1299 1264 1372 vel
1291 1301 1333 1374 ed

472 1417 624 1468 cometus
650 1419 787 1493 vapores
812 1397 994 1468 convolare
1022 1397 1219 1475 docebunt?
1250 1405 1334 1474 Non

471 1493 549 1570 stne
571 1495 612 1568 ud
640 1495 792 1568 Plauetas
812 1503 834 1589 ,ζ
859 1520 1004 1590 quorum
1031 1523 1050 1572 t
1078 1501 1186 1573 Terra
1214 1499 1335 1576 disten·

471 1593 521 1672 tia
549 1621 669 1695 magna
695 1595 841 1669 nimium
868 1595 913 1668 est
939 1653 950 1687 ,
976 1623 1013 1672 ut
1039 1599 1258 1675 Pltnetarum
1284 1629 1336 1678 at·

470 1697 596 1772 ernstio
626 1697 762 1770 vincere
789 1702 903 1771 Terror
930 1699 1168 1774 attrauionem
1192 1759 1202 1793 ,
1228 1729 1332 1802 vapo-

470 1823 548 1874 rum
578 1795 724 1896 respesiu
749 1796 868 1898 poffit.
894 1799 962 1872 His
987 1803 1237 1896 oddeLunam‚
1260 1831 1335 1905 quae
1450 1857 1451 1860 =

470 1898 627 1974 omnium
656 1898 883 1974 minimuma
919 1901 1015 1976 nobis
1055 1905 1176 1995 obest,
1211 1903 1334 1980 armos·

471 2000 581 2096 phura
606 2000 703 2074 omni
731 2000 897 2092 destitui,
934 2027 969 2076 ut
996 2003 1333 2082 demonstrabimus.

470 2101 523 2174 At
551 2097 574 2173 st
601 2127 692 2200 aquae
720 2101 834 2178 nostrae
859 2131 1001 2202 vapores
1023 2108 1121 2180 Luna
1149 2107 1187 2180 ad
1213 2107 1243 2180 se
1266 2133 1333 2183 tro.

470 2199 562 2275 heret
598 2226 691 2278 tauta
729 2203 864 2302 copia,
897 2232 934 2280 ut
972 2205 1048 2280 ideo
1074 2206 1164 2307 globi
1192 2207 1331 2302 hujusce

469 2299 571 2378 nosiri
609 2331 693 2402 aqua
732 2305 1021 2382 imminueretur:
1061 2311 1096 2381 &
1134 2310 1331 2408 utmosphae·

467 2429 540 2476 ram
566 2405 704 2478 haberet
731 2409 864 2497 Luna,
890 2411 923 2481 8(
952 2411 1018 2482 haec
1045 2435 1207 2483 annorum
1237 2403 1329 2511 lapsu

463 2526 664 2598 augeretur.
692 2503 727 2578 Si
755 2510 852 2579 Luna
877 2507 977 2604 igitur
1001 2511 1096 2583 nobis
1120 2509 1265 2584 finitima
1292 2541 1328 2586 a·

467 2625 541 2699 quor
568 2627 706 2699 vapores
733 2631 802 2676 non
831 2599 995 2700 attrahit,
1023 2626 1126 2710 neque
1148 2616 1254 2708 potest
1277 2641 1327 2688 et·
1441 2608 1443 2619 '

465 2700 622 2791 trahere,
649 2727 717 2774 non
742 2729 897 2802 poterunt
923 2706 958 2782 id
988 2712 1091 2812 igitur
1115 2715 1257 2788 Planetae
1277 2741 1326 2788 re·

466 2799 554 2900 liqui
578 2829 596 2874 a
624 2802 724 2879 nobis
750 2807 850 2904 longe
877 2813 1106 2887 remotiores.
1128 2815 1243 2908 Quare
1268 2841 1324 2890 nt·

467 2929 532 3002 que
557 2906 740 2995 Cometae,
776 2933 919 3006 quorum
946 2915 1055 2989 nulius
1094 2918 1230 3018 propior
1264 2943 1324 2990 un·

465 3027 565 3100 quam
593 3006 691 3078 nobis
727 3009 833 3082 faetus
868 3011 945 3105 est,
981 3043 1082 3116 quant
1117 3019 1217 3090 Luna
1251 3017 1323 3115 ipsa

464 3105 534 3194 srt,
570 3135 672 3207 quum
702 3113 922 3187 Comerarum
962 3114 1172 3214 puellaris,
1212 3119 1320 3192 Lunae
1387 3183 1391 3192 .

461 3207 623 3316 patuisaxi
666 3213 765 3314 longe
799 3215 911 3288 minor
948 3217 1074 3314 semper
1117 3217 1318 3321 deprehenso

460 3312 500 3412 stt
536 3361 545 3380 ·
580 3313 785 3389 Pataliaxim
822 3343 936 3392 autern
975 3318 1144 3394 minorem
1181 3321 1319 3416 majoris

458 3403 617 3488 distentio
644 3414 810 3494 inditium
838 3415 1060 3494 certissimum
1085 3421 1174 3511 esse,
1213 3443 1315 3492 nemo

1213 3517 1258 3592 est
