2858 4290
527 305 598 384 592
701 281 966 376 CAPUT
1016 279 1115 354 Vll.

479 385 675 465 cubiculum
697 379 843 482 ingressa
876 377 997 454 oculos
1027 375 1250 456 dormientis
1300 385 1397 460 affl

482 487 575 564 olet?
602 480 719 576 Quid?
752 481 846 580 quod
878 479 966 555 lucis
997 475 1080 554 radii
1117 483 1232 556 lente
1265 539 1282 574 ,
1328 490 1397 562 vel

481 585 619 664 Uflotio
646 583 781 684 speculo
802 578 838 654 iu
858 579 966 656 aciem
986 580 1142 672 callerii,
1166 585 1391 682 pulverem

483 712 525 764 eo
546 684 632 761 loco·
653 685 819 786 politum,
847 681 943 757 venti
972 681 1070 756 instat
1095 682 1291 787 agitant3
1323 687 1389 762 lto-

485 789 610 890 rologii
637 785 793 862 elallrum
817 783 964 860 oscillari
985 809 1139 882 cogunt,
1162 789 1389 864 combusti-¹

487 891 573 967 bilia
598 913 740 986 corpora
768 885 985 974 incendunt,
1017 887 1156 960 metulla
1185 887 1383 983 solvunt,

485 989 740 1088 adamantesque
758 984 850 1084 ipsos
864 986 905 1060 in
926 983 1012 1060 lolia
1035 1011 1074 1062 at
1099 987 1197 1088 quali
1221 986 1382 1090 squam·

484 1116 556 1166 mas
582 1087 741 1162 solvunt?
769 1087 928 1177 Brofello
961 1086 1099 1162 suadent
1131 1090 1206 1164 hac
1237 1089 1376 1170 omnia

483 1193 596 1267 lucem
621 1189 685 1262 elle
697 1216 840 1288 corpus,
869 1215 974 1286 quum
995 1216 1056 1262 nos
1083 1188 1208 1266 &alia
1232 1217 1375 1293 torpo-

483 1319 518 1368 ta
545 1290 656 1366 valide
682 1289 766 1364 ideo
786 1289 924 1388 tairgat,
940 1291 976 1363 δι
999 1287 1139 1364 afficiat.
1172 1291 1177 1296 ’

530 1399 677 1586 Tange}
702 1394 806 1486 euim,
824 1391 868 1462 O·
892 1391 1009 1489 tangi,
1035 1393 1095 1484 rifi
1114 1413 1223 1491 corpus
1246 1395 1369 1470 nulla

620 1515 649 1565 te
703 1521 773 1567 res.
819 1541 823 1553 ·

533 1517 619 1672 Nisi
645 1594 691 1668 est
724 1622 805 1696 ergo
839 1593 899 1670 lux
921 1592 1064 1692 qualitas
1100 1589 1208 1669 nelcio
1249 1623 1361 1694 quae,

482 1697 601 1774 limilis
627 1693 713 1771 lucis
749 1693 954 1788 scolarium,
978 1722 1051 1796 quae
1080 1695 1117 1768 in
1141 1695 1246 1770 nobis
1270 1699 1361 1794 eu,-

482 1827 522 1880 ut
550 1799 636 1876 nihil
666 1794 774 1871 limile
801 1797 930 1870 doloris
956 1793 1133 1872 sensationi
1179 1795 1229 1870 est
1256 1798 1298 1874 in
1324 1827 1362 1874 a·

483 1931 547 1988 cu,
573 1925 642 1996 quo
669 1897 873 1998 pungimur..
901 1899 959 1972 Est
985 1922 1119 1973 tantum
1144 1896 1184 1970 in
1207 1925 1279 1976 acu
1310 1901 1360 1978 la·

483 2003 590 2078 cultas
614 1995 778 2094 ejusmodi
805 2027 940 2073 motum
968 1998 1006 2073 in
1027 1997 1122 2074 leolu
1144 1998 1356 2092 excitandi,

483 2131 551 2204 quo
579 2097 708 2200 polito,
733 2102 778 2173 ob
803 2101 913 2202 legem
942 2099 1080 2175 unionis
1120 2099 1247 2178 animae
1271 2131 1351 2182 cum

419 2221 426 2240 '
483 2230 647 2304 corpore,
674 2227 768 2276 mens
793 2201 920 2276 doloris
943 2203 1067 2278 habeat
1090 2199 1351 2282 sensatiooem:

482 2305 534 2382 ita
558 2307 594 2379 &
630 2305 666 2377 in
702 2305 776 2376 luce
812 2301 955 2380 facultas
980 2305 1027 2378 est
1052 2306 1169 2380 oculos
1194 2305 1246 2381 ita
1274 2337 1350 2383 mo·

482 2404 607 2493 teudi,
633 2429 671 2478 ut
700 2431 795 2478 meos
824 2404 987 2504 percipiat
1011 2401 1120 2480 ideam
1138 2405 1349 2507 ¹corporum

480 2506 588 2580 lucem
614 2501 650 2572 io
675 2508 794 2583 oculos
817 2504 1102 2584 immittentium.
1189 2549 1192 2563 ·

532 2599 637 2677 Lucis
661 2603 841 2678 materiam
870 2606 1083 2683 velocillimo
1105 2633 1196 2682 motu
1226 2607 1348 2711 agita.

479 2706 510 2780 ri
534 2725 623 2802 patet
643 2727 701 2800 pet
724 2702 871 2803 Eclipses
893 2704 1048 2782 satellitis
1071 2709 1181 2785 intimi
1208 2712 1339 2806 Iovis,

477 2825 670 2906 quum'pet
704 2828 757 2876 eas
795 2807 1021 2902 ollendatut,
1060 2809 1335 2913 lutem8'.13'.

477 2905 684 3010 diametrum
708 2901 799 2980 orbis
836 2909 951 3012 magni
977 2937 1198 3012 percuttere,
1222 2907 1338 3017 titmpe

475 3027 609 3086 uoooo
644 3009 760 3080 Tertae
794 3007 1013 3104 diametros,
1046 3012 1101 3090 ltu
1134 3028 1333 3118 33000000'

478 3108 649 3182 leucarum
676 3161 685 3183 .
725 3109 820 3186 Adeo
851 3136 889 3188 ut
915 3114 974 3190 lux
1000 3115 1154 3192 velocior
1179 3115 1263 3194 sono
1295 3119 1331 3194 lt

480 3210 675 3307 1338006.
703 3207 835 3288 Mirum
859 3211 993 3316 utique,
1017 3242 1168 3292 attamen
1192 3227 1330 3296 verum.

528 3313 594 3383 Eas
620 3310 711 3392 iuter
736 3315 988 3418 propagationis
1014 3317 1101 3394 lucis
1133 3321 1326 3420 explicatio·

477 3431 804 3510 nessolitoriorum
816 3472 833 3514 ,ι
855 3417 1052 3516 Catteliaoa
1069 3418 1224 3518 scilieet,
1250 3410 1328 3498 lucis

1206 3545 1277 3624 pro·
