2910 5404
243 245 462 325 PHYSICAE
487 245 862 322 PARTICULARIS
892 271 959 346 ¹75

147 357 227 430 bem
253 344 386 448 trajicit
413 368 595 432 annuum,
635 343 857 426 velocitatem
894 349 1014 430 habete

147 458 305 540 realem,
332 445 494 543 uqualem
522 442 575 519 ilii
601 445 775 522 Telluris.

197 562 378 653 Apparens
419 544 567 644 ejusdem
606 549 761 624 &mute
808 550 1012 652 magnitudo

141 657 182 734 in
209 648 342 728 inversa
368 646 607 726 distantiarum
633 650 708 748 ejus
732 678 753 727 a
778 653 887 728 Tetra
909 655 1013 732 ratio·

62 802 66 810 ·
142 783 187 833 ue
214 749 513 854 deprehenditur.

199 855 361 933 Direfiius
388 854 546 927 Cometae
572 876 685 928 motus
719 853 953 954 phaenomenis
974 883 1011 931 o·

144 959 283 1035 mnibus
306 952 515 1048 satisfaciu
549 957 763 1058 retrogradus
799 983 871 1033 non
899 957 1014 1034 item.

142 1060 302 1138 nirettns
325 1083 406 1159 ergo
433 1055 606 1159 ponendus
626 1057 695 1134 est.

192 1167 264 1236 Eos
290 1157 437 1236 recenset
463 1160 626 1234 Cornetus
661 1158 820 1238 Caffinus
856 1159 919 1265 qui
946 1180 1008 1262 pro

139 1262 263 1339 iisdem
299 1258 513 1340 redeuntibus
541 1261 704 1336 Cometis
753 1263 868 1339 haberi
915 1285 1013 1364 pote·

136 1389 246 1442 rant.
287 1365 351 1440 Sed
384 1362 419 1438 id
445 1365 480 1438 &
504 1359 617 1438 obiter
653 1359 799 1442 satit&
836 1363 1010 1440 nonsatis

139 1465 289 1542 iuvenit-
314 1463 527 1540 certitudinis
561 1489 622 1566 pto
665 1465 778 1540 reditu
814 1462 1012 1564 hujusmodi

139 1571 405 1640 Cometarum.
443 1563 552 1638 Dubii
577 1563 728 1653 reditus,
754 1563 814 1660 qui
853 1562 1012 1638 trahendi

141 1665 220 1740 sunt
246 1663 289 1734 ad
316 1661 549 1756 hittenheim,
570 1687 686 1761 parum
715 1661 846 1735 roboris
866 1662 1013 1739 habent.

142 1769 270 1836 Certos
315 1759 442 1834 reditus
477 1764 513 1834 dt
552 1760 795 1834 demonstratos
829 1760 889 1836 diu
925 1757 1015 1835 forte
1071 1829 1073 1834 .

143 1857 389 1958 exspediandos
415 1860 480 1936 effe
506 1855 712 1959 suspicatur.

195 1961 262 2036 Sed
289 1961 358 2058 jam
383 1961 424 2037 ad
449 1964 637 2039 Comeram
682 1987 737 2036 an.
765 1979 873 2062 1729.
901 1982 1013 2060 1730.

143 2064 343 2140 redeamus.
370 2063 407 2138 si
433 2067 582 2140 Cometa
620 2061 678 2138 hie
705 2087 839 2144 motum
879 2061 1013 2138 habuis·

142 2163 193 2240 set
216 2165 457 2240 tantummodo
494 2165 729 2266 retrogradum
768 2191 847 2242 toro
871 2187 943 2241 tem
969 2185 1008 2238 o·

142 2265 504 2449 {attinuit
530 2187 1013 2446 diuidenti

998 2421 1012 2458 ἱ

141 2491 183 2546 ut
209 2469 252 2544 de
277 2469 355 2545 eliis
377 2495 446 2547 non
472 2468 568 2572 pauci
597 2493 783 2572 putarunt.
809 2469 930 2546 Athit
954 2467 1015 2542 ha·

148 2570 225 2644 buit
247 2595 361 2648 motus
389 2573 576 2648 contrarios
597 2573 718 2665 duos,
756 2595 902 2672 quorum
929 2569 1012 2644 ideo
1094 2637 1097 2644 .

143 2671 304 2750 alteruter
330 2699 493 2775 apparent
529 2697 661 2750 tautum
691 2674 756 2749 elie
789 2673 931 2773 debuit3
969 2668 1011 2746 li·

140 2796 196 2846 tet
219 2798 330 2852 autern
360 2801 486 2875 ponere
520 2773 619 2852 illum
655 2773 753 2852 fuine
790 2797 1008 2877 apparentem

143 2870 204 2972 qui
232 2879 446 2977 retrogradus
474 2875 573 2969 fuit,
611 2901 729 2981 quum*
745 2875 834 2956 nihil
863 2877 1008 2954 obstet.

194 2973 373 3066 Quoniam
401 2981 552 3056 Planetat
580 2977 756 3079 superioris
783 2980 882 3054 instar
901 3001 1010 3049 retro·

142 3077 266 3171 gradus
289 3081 440 3153 Cometa
466 3079 522 3152 hic
549 3078 639 3171 fuit,
667 3106 728 3181 per
756 3075 1009 3179 oppositionem

144 3195 228 3247 cum
253 3178 333 3250 Sole
372 3175 526 3277 ηπῶς
559 3181 668 3254 Terra
703 3179 857 3267 scifitet,
894 3175 1010 3250 Solem

51 3351 56 3362 ,
141 3272 256 3368 inter,
280 3280 532 3377 Cometamque
558 3277 625 3354 fuit
651 3278 686 3355 in
706 3282 797 3354 linea
818 3275 929 3365 retra,
947 3277 1009 3352 du·

141 3374 197 3454 ua
237 3403 297 3482 per
331 3374 438 3458 trium
471 3381 595 3458 hurum
634 3405 817 3482 corporum
855 3401 1006 3556 ⁶}⁰¹.‘⁸·

905 3499 955 3554 utt
