2910 5404
197 271 410 347 nutrient
435 273 808 344 Pnnrrcutaeutr
834 293 909 370 227
1051 347 1052 352 t

98 377 244 478 gellanes
268 371 378 454 naui,
402 369 457 442 cui
485 369 562 442 ideo
574 371 717 444 Visltrr'ae
744 398 869 446 nomen
896 373 961 447 im·

99 477 243 576 posttunt
269 473 314 545 cll
336 522 346 560 ,
372 467 546 544 absolvit.
582 471 710 544 Omnia
736 497 846 546 autent
874 473 962 574 phoe.

98 599 248 650 nomena
272 571 315 644 iis
337 595 501 661 evenere,
520 595 593 672 quae
619 571 757 646 ttGlobi
783 573 963 674 proprieta-

20 674 21 678 ’
106 674 199 748 tibus
226 670 450 772 proueniunt.
734 731 738 738 .

153 777 261 847 Terrt
289 795 475 871 preterca,
511 773 565 846 vel
594 774 676 847 nutri
716 771 783 848 iter
809 773 965 849 facienti.

102 875 203 966 bus,
251 872 394 948 turrium
443 874 498 946 uel
536 875 704 948 montium
727 876 817 948 *imae
852 900 964 975 partes

103 976 196 1074 prius
227 977 464 1062 occultantur,
487 973 625 1048 demum
655 1001 734 1050 vero
759 973 890 1051 summa
914 974 964 1050 us-

101 1103 167 1174 quc
193 1071 356 1178 fastigia.
393 1077 483 1147 Dum
522 1101 604 1149 vero
645 1076 686 1149 td
725 1098 868 1166 ructet,
905 1077 962 1150 vel

101 1198 234 1252 montes
260 1174 479 1266 accedimus,
515 1173 646 1276 fastigii
685 1177 835 1276 primum
859 1204 960 1274 appa.

102 1303 200 1368 rent,
236 1275 361 1351 ultimo
384 1301 467 1350 uero
493 1301 600 1372 partes
626 1275 820 1354 inferiores.
863 1281 960 1353 Non·

100 1405 144 1452 ne
166 1380 233 1454 haec
258 1405 276 1450 a
299 1378 468 1477 Spltaerico
494 1379 609 1452 Terrte
637 1385 794 1469 tumore,
820 1379 957 1474 objedia

99 1478 212 1570 inter,
239 1483 273 1552 dr
299 1482 438 1553 oculum
467 1475 674 1577 interjeslo,
700 1479 911 1579 procedunt?

151 1577 219 1653 His
256 1575 418 1692 omniltus
453 1577 576 1652 addere
619 1577 704 1652 libet
739 1577 959 1670 Archimedis
1011 1668 1017 1683 ¹

100 1701 340 1870 llll‘lll
353 1677 537 1874 llll?
552 1681 678 1874 ,lli
691 1679 963 1864 zmil

102 1875 281 1978 superficie
309 1873 413 1977 mugit
437 1901 541 1977 quam
569 1873 666 1968 nliae,
694 1901 710 1950 t
733 1881 854 1950 'centro
877 1879 963 1950 Ter·

102 2001 143 2052 η
174 1977 386 2064 recederent,
412 1975 573 2076 quoniam
601 2001 740 2078 corpora
766 1973 962 2051 descendere

104 2077 263 2154 nituntur
288 2076 328 2151 td
354 2079 466 2152 Terrae
493 2100 677 2168 centrum,
712 2077 747 2151 in
775 2075 959 2152 decliviora

104 2183 179 2255 loca
200 2171 276 2278 ipste
305 2196 459 2269 ruerent,
484 2179 612 2269 donec,
637 2176 828 2278 equilibrio
848 2175 962 2270 uuo,

103 2303 223 2356 omnes
252 2277 287 2353 in
315 2277 432 2378 aequtli
461 2307 480 2354 t
505 2303 623 2354 centro
646 2275 803 2354 distantia
840 2277 963 2352 immo·

107 2405 147 2458 rae
174 2377 445 2479 perseverarent,
474 2379 729 2482 sphaericamque
755 2379 962 2479 figurtmin-

106 2485 268 2556 cluerent.
296 2482 454 2556 Rotunda
483 2481 596 2582 iraque
620 2481 665 2554 est
690 2479 822 2555 Oceani
853 2479 962 2581 super·

100 2583 217 2657 sities.
245 2583 363 2677 Quum
391 2607 475 2658 vero
498 2583 682 2672 littorum,
707 2585 866 2658 &Terrte
889 2579 962 2655 uni·

104 2683 206 2758 versu
232 2681 422 2782 superficies
449 2685 600 2760 eumdem
638 2681 706 2758 fere
747 2709 826 2758 cum
860 2681 964 2757 maris

54 2853 68 2884 ‚
102 2811 187 2884 aqut
214 2784 454 2859 distantinmn
491 2809 610 2860 centro
645 2782 857 2861 sortiuntur:
895 2781 963 2882 ipsa

96 2893 239 2986 'quoque
260 2889 378 2960 'serrae
404 2883 509 2986 ligura
537 2883 682 2962 rotunda
715 2883 836 2960 censeri
863 2885 962 2958 debet

105 2987 145 3060 ad
174 2982 302 3060 sensum
313 3017 334 3078 ‚·
360 2985 447 3059 nihil
475 2988 628 3062 obstante
656 2987 827 3062 montium
848 2980 963 3058 altitu·

104 3087 208 3173 dine,
234 3085 389 3184 qui-*vix
407 3085 514 3158 ullam
549 3085 735 3163 sensibilem
762 3087 888 3162 hubent
921 3079 963 3154 td

104 3192 224 3263 Terrte
247 3185 447 3258 diametrum
476 3187 749 3286 proportionem.
949 3279 953 3286 ἡ

157 3291 229 3364 Ill.
257 3285 373 3361 Bilem
397 3311 438 3359 ne
462 3313 507 3362 en
534 3286 636 3364 risum
675 3283 821 3366 cordatis
846 3278 961 3356 Philo·

104 3389 218 3492 sophis
257 3409 416 3467 moveant
464 3413 532 3465 non
567 3386 667 3463 facile
704 3384 850 3463 dixerim
890 3407 959 3472 ea,

534 3489 562 3560 P
614 3513 637 3562 2
764 3509 767 3514 ·
837 3511 907 3588 quae
