2922 4306
242 273 453 347 PHYSICAE
477 269 852 342 PARTICUMRIS
890 273 957 372 163

194 375 249 450 At
272 395 386 446 onnon
412 367 489 442 ideo
516 367 600 482 quit
626 366 662 440 in
696 368 857 444 ornnibus
889 397 1010 448 conve.

147 495 305 562 nerunt,
333 467 490 569 suspicari
519 469 635 544 liceret
658 469 817 544 eumdem
844 497 913 546 non
933 471 1009 548 fuis·

144 573 179 650 se
206 570 416 648 Comernrn?
440 573 516 645 Cur
542 570 635 645 eninr
659 568 748 644 nihil
774 569 885 648 loiffen
912 571 1014 650 inhit
1107 649 1111 658 ,

151 675 410 768 immutatum,
441 697 547 772 quum
582 673 627 746 ob
663 671 833 746 nodorunt
870 677 906 748 r<
929 677 1014 751 obst.

150 776 231 849 dnm
259 799 420 860 motum,
446 773 539 874 plura
559 772 595 846 in
616 773 766 848 Plnnetis
788 799 926 875 quoque
944 803 1018 852 ntu-

148 872 285 952 tentur?
326 874 470 948 Pollunr
495 876 530 946 δι
557 877 711 950 Comere
734 876 802 951 duo
838 879 880 950 nd
908 876 1018 952 varias

146 1001 165 1052 n
192 975 273 1050 Sole
295 973 471 1049 distantias
495 974 532 1047 in
573 975 626 1047 his
664 976 825 1052 omnibus
852 978 1017 1052 eonveni-

144 1105 203 1152 re.
227 1075 401 1166 Homines
423 1076 494 1152 duo
520 1075 638 1152 endem
665 1077 742 1167 vin,
769 1077 889 1152 eodem
919 1080 1015 1152 velo·

143 1181 250 1254 cirnte
275 1177 457 1278 feruntnr3
485 1203 567 1253 nunt
596 1176 670 1251 ideo
695 1178 787 1254 idem
816 1179 923 1254 homo
962 1177 1018 1256 illi

143 1279 253 1356 sunt?
291 1281 422 1355 Annon
448 1283 484 1354 &
508 1279 594 1354 ulios
618 1277 792 1380 perfecisse
825 1281 940 1380 potuit
967 1305 1018 1355 ro·

145 1379 341 1457 volutiones
366 1377 627 1482 inconspicuas,
654 1407 765 1481 quum
801 1384 916 1458 denuo
941 1385 1015 1458 Co·

151 1506 244 1558 mett
267 1483 418 1558 cernitur
456 1537 467 1571 ‚
504 1507 543 1558 ut
582 1485 778 1558 Mercurius
812 1509 882 1579 non
931 1510 1008 1558 ntro

151 1588 265 1686 plnres
318 1580 551 1656 revolutiones
601 1581 750 1656 obsolvit
793 1582 877 1680 quin
923 1582 1016 1656 cerni

148 1679 292 1784 polstt?
339 1684 392 1753 Ur
438 1705 519 1778 ergo
555 1679 723 1753 Mercurii
763 1679 943 1778 periodum
963 1681 1016 1754 in·

156 1782 243 1855 serre
268 1779 359 1853 ltnud
386 1779 530 1868 licerer,
570 1777 633 1852 nist
654 1777 738 1850 certi
763 1779 905 1852 ellemus
939 1805 1019 1854 eum
1087 1812 1093 1826 ·

152 1883 270 1956 'nullos
296 1878 528 1954 revolutiones
544 1877 722 1952 absolville
737 1877 1019 1978 inconspicuum:

154 1980 203 2056 ita
230 1983 266 2056 &
293 1981 473 2080 periodum
494 1985 722 2056 Cometerum
749 1979 875 2053 inferre
900 1980 1022 2055 nonli-

148 2105 224 2173 cet,
249 2081 313 2156 nist
341 2082 426 2157 certi
454 2081 741 2182 ssmusnunqnanr
763 2080 1020 2184 inconspicuum

148 2185 339 2261 Conterern
377 2179 566 2257 transtisse.
605 2185 733 2282 ignoto
771 2183 881 2258 adhuc
905 2209 1020 2259 nutent

150 2284 315 2388 periodo,
342 2283 427 2386 quid
444 2281 555 2387 quaeso
581 2284 791 2360 deCotneroe
813 2285 924 2362 reditu
939 2309 1019 2386 prae·

151 2387 219 2463 diei
248 2387 388 2486 potell?

200 2493 326 2590 Longa
369 2467 559 2562 seculorum
593 2485 680 2564 serie
713 2485 802 2563 forre
838 2489 872 2562 &
907 2511 1020 2564 motus
1166 2522 1169 2537 ·

155 2593 325 2666 nodorum
353 2589 506 2690 leges&
532 2587 759 2664 variationem
787 2585 1025 2662 inclinationis

150 2690 272 2768 orbitae
307 2692 349 2766 ad
373 2689 584 2788 Ecliptieom
619 2689 780 2766 invenire
815 2687 1021 2765 Astronomi

148 2813 333 2894 poterunt,
352 2792 549 2868 utinLunn
575 2791 706 2869 fartum
728 2792 778 2865 est
792 2849 802 2884 ,
818 2792 911 2890 cujus
937 2785 1021 2866 nodi

151 2915 198 2990 19
224 2919 392 2969 annorum
419 2894 514 2996 lapsu
542 2895 582 2971 nd
607 2897 680 2970 loca
705 2895 823 2970 eadern
849 2895 1020 2968 redeunt.

206 2995 310 3070 Nihil
338 2997 381 3070 nd
408 2995 496 3072 hano
525 3022 597 3072 rern
624 2993 777 3084 utilius,
816 3019 920 3091 quarn
948 2993 1023 3060 Co·

158 3115 323 3168 merorum
351 3097 492 3168 statuere
528 3096 716 3173 Theorianr
742 3127 764 3190 ,·
794 3091 883 3191 quod
921 3111 1028 3186 quum

163 3193 271 3291 probe
298 3193 407 3267 nollet
433 3191 613 3287 Cnffinns,
644 3197 742 3271 inid
767 3187 955 3277 incubuit,
990 3207 1031 3261 ttt

161 3297 333 3368 Cometes
359 3293 419 3390 qui
454 3317 685 3394 opponerent,
721 3311 847 3371 ornnes
873 3287 1027 3367 maxima

162 3394 348 3500 diligentia
371 3393 588 3472 oblervtret.
969 3485 978 3501 ·
1007 3473 1012 3482 ,

595 3497 628 3570 1.
679 3515 702 3566 2
905 3487 979 3582 Qut
