2910 5404
250 217 471 299 Pnrstcn·
495 221 869 300 Paenrrcvmnrs
895 249 968 325 207

199 321 325 422 Quum
353 322 579 398 Saturnus&
605 323 739 424 Jupiter
764 350 873 424 opucu
899 351 1018 426 corpo.

145 449 186 505 rr
216 421 304 516 srnt,
329 415 438 498 esde
461 420 682 501 illuminetur
708 449 747 499 ea
773 427 923 504 Pinnetae
946 452 1019 506 nte·

146 528 261 604 dietus
285 547 360 626 qna
384 520 456 598 Soli
479 523 698 618 obvertitur,
723 527 759 602 dr
786 525 1019 621 illuminatur,

150 623 349 704 obvertitur
371 623 475 714 etium
504 627 639 717 Terre,
665 653 738 727 quae
765 655 938 730 nunquam
962 655 1019 705 eo·

152 757 231 808 rum
259 723 407 826 respodiu
436 727 551 826 procui
575 727 663 802 abest
689 732 831 818 ason,
856 756 876 804 a
900 756 1018 808 centro

154 831 305 920 seilicet,
331 829 389 902 uel
414 821 485 903 fere
512 851 631 905 centro
650 827 767 905 orbito
792 829 956 923 Saturni,
982 835 1019 908 ἀ

152 930 281 1026 Jovis.

204 1029 336 1108 Verum
371 1027 408 1107 in
452 1029 569 1107 Marte
605 1055 657 1106 res
690 1027 799 1124 editori
821 1025 854 1107 se
877 1029 1019 1110 habet.

153 1137 379 1235 Numquam
404 1125 559 1208 distantia
584 1131 708 1210 Martis
734 1159 753 1206 ι
780 1133 858 1209 Solo
882 1132 923 1210 fit
944 1160 1019 1210 tan·

151 1259 229 1310 tum
262 1231 473 1336 sesquialtera
505 1231 667 1311 distantia
714 1233 868 1310 Telluris
891 1236 934 1310 ub
960 1261 1020 1308 eo·

152 1339 231 1412 dem
256 1333 335 1413 sole
367 1361 378 1408 ι
423 1335 551 1414 clarum
588 1335 636 1410 est
670 1333 796 1412 Martie
821 1333 1020 1436 hemisphe-

151 1439 244 1515 rium
269 1436 345 1516 soli
367 1437 547 1514 obversum
572 1459 641 1514 non
668 1435 797 1534 semper
824 1436 952 1529 etium,
977 1435 1018 1512 nd
1071 1501 1074 1510 .

151 1539 312 1629 sensum,
338 1537 471 1613 obverti
493 1541 632 1611 Terrae.
656 1535 692 1610 si
717 1541 753 1610 T
776 1536 869 1610 eninr
896 1539 1078 1614 'sellu-rie·
1095 1562 1134 1613 27·

153 1640 202 1712 ris
229 1639 325 1710 locus
348 1634 420 1728 fit,·
446 1657 540 1732 putet
568 1638 718 1708 Martem
748 1631 784 1704 in
809 1636 845 1707 A
875 1633 930 1706 uel
958 1639 1017 1724 B,

153 1739 237 1810 dum
263 1755 385 1832 nempe
407 1734 464 1808 vel
490 1729 562 1806 Soli
600 1729 854 1830 conjungitur,
890 1731 947 1804 vel
969 1733 1021 1807 ei.

153 1836 233 1908 dent
258 1827 464 1933 opponitur,
483 1830 639 1907 eumdem
665 1829 786 1906 ferient
806 1827 941 1906 Telluri
964 1831 1024 1908 ob·

155 1957 313 2024 uertere,
337 1957 438 2034 quant
462 1930 533 2010 Soli
554 1987 566 2024 ,
593 1930 659 2006 hoc
685 1931 731 2006 est
754 1929 1021 2023 illuminatam,

154 2034 355 2136 &proinde
392 2035 496 2136 pleno
525 2033 609 2110 orbe
643 2030 803 2134 fulgere:
837 2057 874 2108 tt
908 2029 946 2108 io
984 2035 1021 2106 D

156 2136 213 2211 uei
240 2135 272 2212 C
297 2131 419 2212 facient
447 2134 575 2212 Martie
615 2132 847 2210 illuminatum
874 2159 944 2209 non
967 2158 1022 2208 to·

152 2261 225 2314 tum
251 2265 271 2312 e
296 2239 406 2314 Terre
433 2235 569 2326 uideri,
595 2235 650 2311 sed
672 2239 826 2312 Martem
848 2237 889 2311 ud
905 2258 1021 2412 parrer

154 2366 173 2415 ι
199 2341 277 2414 Sole
311 2335 445 2415 auersus
501 2337 668 2414 tullulunr
702 2335 833 2413 lumine
860 2337 901 2412 de
928 2335 1020 2412 cien-

150 2463 243 2531 tem,
268 2434 447 2542 gibbosum
469 2363 596 2516 ddilittt
618 2493 630 2530 ,
655 2457 834 2540 apparere,
859 2460 899 2515 ut
924 2461 1020 2516 reve·

153 2568 191 2617 ra
217 2541 254 2614 in
278 2540 488 2642 quadraturis
514 2565 673 2641 apparet.

203 2640 410 2739 Tyehooitn
446 2643 570 2720 horum
617 2642 918 2742 phenomeoorurn
962 2665 1019 2715 ex·

155 2741 300 2838 plicatio
321 2743 440 2819 endem
468 2767 544 2822 cunt
579 2741 818 2844 copernicanu
854 2744 941 2836 est‚·
975 2767 1019 2817 eo

44 2899 47 2909 r
155 2841 265 2920 solum
300 2843 538 2936 discrimine,
580 2865 620 2919 ur
654 2845 798 2918 Terrena
835 2843 1019 2919 immotum

156 2965 308 3043 ponunt;
336 2941 524 3044 superiores
549 2971 635 3020 vero
662 2945 823 3024 Plunotur
847 2943 940 3018 citra
957 2944 1019 3014 So·

63 3077 69 3088 ι
160 3039 229 3114 lem
253 3041 344 3144 quefi
369 3067 524 3119 rentrunr
550 3045 657 3123 rotari
692 3047 739 3122 ab
758 3037 876 3122 oecesu
904 3039 940 3114 in
966 3063 1019 3113 or·

160 3161 261 3234 tum,
287 3141 419 3218 intereo
443 3142 527 3220 duni
554 3169 621 3220 uno
647 3169 727 3224 curn
753 3145 867 3229 Sole,
889 3135 1019 3215 orbita·

159 3265 236 3316 rum
261 3265 398 3330 centro,
429 3267 526 3322 tnotu
551 3247 726 3322 communi
752 3241 822 3318 diei
847 3238 956 3342 spurio
976 3241 1019 3316 ab

159 3365 236 3420 ortu
261 3341 418 3424 feruntur
440 3345 475 3424 in
502 3343 690 3425 oceasum.
723 3343 839 3438 Quart
861 3340 961 3516 rutile
981 3339 1021 3419 ii·

943 3469 970 3522 2
