2918 5348
528 219 735 292 PursicAE
761 219 1131 292 PARTICULARIS

302 383 303 390 ,
427 339 489 415 que
517 323 604 406 eei,
639 314 710 418 igni
743 318 972 394 conservando
1004 318 1157 416 peruecti

476 411 624 512 Idipsum
652 418 802 494 maxime
827 419 970 492 illustrat
990 435 1016 507 ‚'
1039 443 1149 490 nerem

427 539 482 588 eet
510 513 579 614 igni
605 518 837 594 conservando
859 517 1082 590 netellrrium
1109 516 1157 592 ell

302 643 304 658 ’
425 613 659 710 perimentum
684 615 777 692 luftu
801 616 1026 706 facillimum,
1063 617 1153 714 quod

423 716 563 808 labore,
592 716 694 792 nullis
720 717 938 816 sumptibnn,
974 741 1151 792 momento

426 813 539 912 poris,
563 815 647 894 sumi
675 819 799 915 potest;
826 820 968 892 Paretur
998 817 1157 893 thartace

425 915 577 1008 liodrut,
607 918 701 1015 eujus
728 916 893 994 diameter
915 917 1023 1015 major
1049 909 1152 991 trium

428 1041 555 1090 tuorve
581 1018 843 1116 polluuntur,
877 1019 1056 1118 longitudo
1084 1044 1157 1090 vert

428 1117 528 1192 unius
552 1117 676 1193 ritorto
702 1119 913 1196 eommunis.
940 1119 1126 1216 Cylindrus
1150 1119 1157 1190 l

429 1217 519 1292 denti
545 1221 689 1294 eandelae
717 1219 1022 1320 circumponatur,
1060 1222 1146 1296 itaut

432 1317 577 1412 cylindri
620 1320 890 1396 circumferentia
929 1321 1079 1419 superior
1126 1348 1157 1393 nt

428 1415 574 1494 flammat
598 1420 685 1517 apici
714 1419 777 1492 lit.
806 1421 967 1492 Infimam
992 1423 1110 1493 deinde
1138 1449 1155 1494 e

429 1517 594 1594 chartacei
624 1539 756 1610 partem
782 1541 887 1590 mauu
916 1517 1038 1588 leniter
1076 1541 1157 1588 com

429 1643 468 1694 ut
496 1619 552 1692 ab.
578 1613 737 1688 inferiore
775 1637 867 1711 purte
902 1639 956 1687 oet
993 1610 1157 1712 subingret

430 1719 533 1815 pollit
561 1715 596 1788 in
633 1715 750 1788 lotum
786 1712 908 1801 illius,
945 1711 1002 1814 qni
1031 1715 1140 1786 calore

433 1841 506 1907 tus,
533 1841 551 1887 e
578 1811 747 1918 superiore
770 1814 915 1910 cylindri
940 1837 1032 1914 porte
1060 1813 1156 1912 pellit:

431 1917 644 1992 extruditur.
668 1916 774 1992 Brevi
801 1916 882 2007 fiet,
911 1942 947 1990 ut
972 1912 1120 1988 flumme
1146 1943 1157 1989 t

434 2021 623 2120 langueat,
663 2017 808 2114 trepidet
834 2044 846 2119 ;
882 2017 1016 2094 deinde·
1038 2017 1157 2090 candel

438 2123 524 2195 tetis
547 2119 681 2196 defedlu
708 2119 941 2217 extinguetur.
964 2121 1038 2192 Aer
1056 2141 1136 2216 ergo

435 2223 538 2300 leudo
562 2218 761 2295 netellarius
787 2223 853 2292 est.

447 2363 450 2370 ’
489 2327 568 2396 lmo
592 2345 660 2395 non
684 2341 796 2392 aetem
824 2317 959 2407 modo,
995 2315 1049 2392 sed
1074 2319 1110 2392 dt
1136 2317 1157 2394 tl

440 2447 538 2498 notas
561 2419 645 2492 teris
671 2419 853 2517 particulas
876 2417 946 2520 igni
972 2417 1156 2496 nutriendo

439 2517 590 2595 cellarios
614 2519 698 2610 effe,
722 2520 993 2624 experimentum
1015 2525 1157 2597 alterum

439 2620 516 2695 dit:
538 2647 581 2697 ex
605 2648 674 2724 quo
701 2624 850 2722 pttebit,
879 2649 946 2698 non
974 2624 1090 2698 omnia
1118 2623 1144 2696 ir

443 2723 598 2798 conuerti
627 2725 739 2824 polle,
766 2725 948 2828 ignemque
973 2725 1051 2798 ideo
1076 2725 1157 2800 detti

443 2820 591 2921 portium
618 2825 725 2926 specie
751 2830 919 2902 constare.
945 2825 1099 2900 Phialam
1125 2825 1157 2899 fit

444 2947 577 3016 troam,
600 2928 693 3026 eujus
721 2925 842 3000 fundus
879 2923 1069 3016 abscissus,
1105 2927 1157 2998 abl

446 3021 508 3112 fit,
530 3049 568 3096 os
595 3049 709 3098 nutem
744 3049 927 3122 apertum.
968 3027 1110 3100 Tabulae
1154 3027 1157 3096 :‘

449 3121 590 3223 impone
612 3123 784 3199 candeltm
820 3121 990 3199 accensum
1014 3179 1025 3216 ,
1061 3147 1157 3222 quoti

450 3222 630 3323 cooperias
657 3249 742 3321 opus
769 3222 837 3320 ell3
863 3222 982 3296 tabulae
1008 3250 1091 3297 vero
1124 3222 1157 3294 lu

449 3323 568 3431 phiale
594 3326 762 3404 diametro
788 3321 896 3420 major
918 3319 956 3400 lit
981 3377 992 3415 ,
1022 3349 1063 3399 ne
1090 3321 1157 3400 int·
