2854 4260
824 221 835 280 i

174 297 395 372 PHYSICAE
421 293 793 370 PARTICULARIS
819 297 889 388 65t

46 395 299 478 deveniant:
334 394 385 470 ita
421 393 457 468 in
493 390 603 494 prima
634 392 821 472 reflexione
855 395 945 472 intra

83 521 221 574 uttam
245 497 400 576 colorum
437 489 523 568 alios
557 493 773 582 transmitti,
806 494 886 572 seut
909 497 945 574 in

51 528 204 692 sente,
227 599 310 678 aliut
336 619 450 674 autem
477 596 521 672 ad
549 595 686 673 oculum
714 595 874 674 resledli.

438 792 483 894 §.¹
524 797 614 876 VII·
723 800 727 808 “

390 1001 442 1070 De
465 997 648 1072 Parbelir‘t.

130 1195 212 1293 Qui
241 1225 306 1276 una
331 1223 410 1276 eunt
434 1201 513 1274 Sole
550 1225 635 1276 vero
665 1201 869 1302 quandoque
892 1228 949 1299 ap·

73 1325 208 1402 patent
241 1299 326 1378 lucis
362 1297 562 1378 restasliune
608 1303 714 1402 geniti
752 1307 875 1394 Soles,
912 1307 949 1378 δι

77 1401 242 1502 parhelia
268 1431 288 1478 a
314 1401 576 1501 Meteorologiae
617 1401 856 1478 traslatoribut
880 1401 950 1478 dici
982 1451 986 1462 -

78 1503 231 1591 solent,
258 1502 364 1578 ruodo
386 1527 504 1590 unus,
533 1502 636 1578 modo
662 1503 791 1602 plures,
817 1505 859 1581 ad
886 1529 950 1578 nu·

80 1627 224 1678 merum
254 1599 357 1699 usque
380 1600 549 1679 senarium
577 1601 639 1678 vili
666 1601 775 1704 sunt3
813 1627 850 1680 ut
876 1607 950 1704 plu·

84 1702 221 1778 timum
247 1725 362 1778 autem
387 1704 455 1776 duo
479 1702 576 1779 stuttd
602 1727 783 1780 cernuntur
805 1703 922 1780 Solet.

138 1803 299 1880 Garcaus
318 1802 371 1888 ,ia
407 1801 466 1878 suo
502 1805 543 1880 de
577 1804 746 1880 Meteoris
791 1803 880 1882 libro
911 1831 950 1880 o·

17 1967 19 1986 ,
89 1900 188 1978 moia
214 1901 352 1980 tradidit
374 1930 449 2006 qua
475 1905 516 1982 ‹le
539 1905 758 2004 phanomeno
780 1904 845 1980 hoc
871 1931 950 1984 ante

17 2031 20 2102 i
87 2000 200 2102 ipsunt
233 2001 354 2104 scripta
390 2005 556 2082 luerunt.
589 2007 674 2082 Inde
709 2031 848 2106 apparet
874 2033 945 2082 non

17 2151 20 2208 l
87 2105 176 2180 adeo
202 2131 278 2180 raro
302 2105 544 2203 phaenontenott
571 2107 636 2184 hoe
664 2106 776 2197 visunt
800 2107 886 2186 else.

144 2204 276 2283 Eadem
302 2206 538 2308 magnitudine
563 2209 654 2284 Solis
679 2231 874 2308 apparent,
912 2231 948 2284 at

18 2361 20 2408 r
91 2331 163 2386 nott
188 2303 316 2406 semper
341 2307 448 2408 ligura
473 2307 658 2407 circulari3
695 2309 773 2408 saepe
804 2306 907 2410 asperi
937 2365 949 2401 ,

18 2467 20 2512 ἱ
91 2409 130 2481 δι
153 2407 359 2506 languidiore
382 2410 487 2484 luce.
524 2409 647 2502 Quum
690 2411 800 2510 plures
836 2409 948 2502 sunt,

18 2530 41 2626 ‚⁸
94 2505 154 2586 alii
177 2508 255 2584 aliis
281 2507 475 2606 pallidiores
501 2535 702 2587 cernuntur.

18 2695 20 2724 ι
142 2608 301 2685 Exterior
325 2635 385 2686 ora
408 2609 548 2710 pathelii
585 2611 685 2688 Iridis
705 2610 875 2688 coloribus
892 2633 949 2684 or·

18 2779 19 2796 ,
99 2733 173 2786 nata
196 2711 380 2788 cernitur.
419 2713 538 2790 Cauda
565 2737 637 2786 oon
670 2737 746 2788 raro
779 2711 948 2786 donantur

18 2805 20 2928 ζ
101 2807 137 2882 in
161 2835 248 2921 parte
272 2839 292 2888 a
318 2816 395 2927 Sole
418 2811 564 2926 aversa,
597 2839 669 2914 quae
692 2811 796 2891 cauda
819 2810 949 2924 senipet

18 2975 21 3048 ι
103 2908 951 3108 illurn:‘intituliinliniri:

18 3081 21 3224 ἶ
107 3107 235 3217 Duplici
259 3109 458 3212 quandoque
480 3108 598 3182 donati
623 3109 727 3182 cauda
755 3105 951 3203 ,positione

109 3230 195 3286 vana
216 3229 462 3306 apparuerunt.

154 3304 277 3384 Circuli
302 3305 397 3382 simul
432 3329 510 3380 eunt
558 3302 714 3402 parheliis
752 3302 862 3381 videti
901 3305 919 3378 s
936 3345 953 3370 .

111 3410 194 3501 leot,
219 3407 279 3486 alii
304 3405 403 3501 albi,
428 3403 486 3484 alii
514 3404 615 3486 iollae
641 3402 741 3484 Iridis
766 3405 910 3581 εοὶοῦειί
937 3461 948 3484 .

867 3535 897 3581 a.
