2910 5404
198 317 411 392 aurorem
436 316 806 390 Pauruuterarr
833 283 907 412 22'9

101 416 223 495 filolus
251 419 307 490 hic
327 412 471 489 circulus
492 417 672 503 existeret,
702 415 842 532 reliquis
869 424 957 492 Tera

103 548 144 595 rae
168 519 315 618 partibus
337 515 530 590 tensurus.
562 519 693 606 Quarta
727 543 814 591 rano
839 546 957 594 eorum

101 622 176 709 est,
201 617 282 718 quia
319 616 545 714 aqua'altior
579 643 680 716 quam
707 619 815 691 Terra
852 619 961 693 tense.

8 711 20 745 ”
96 743 180 806 tur,
200 745 238 792 ue
265 737 359 816 aquae
383 741 476 818 gutta
503 717 539 791 in
566 715 801 818 planaspeculi
827 718 959 816 superfi-

101 819 154 892 cie
182 817 363 894 constituta
391 817 485 916 l'upra
525 819 663 918 planum
700 817 790 890 idem
830 823 959 893 attolli·

101 942 186 992 tur.
221 923 350 993 Verum
388 919 452 992 hoc
498 919 582 992 adeo
619 916 737 992 falsum
777 919 823 992 cll
851 947 955 1022 quarn

96 1019 186 1115 quod
210 1007 385 1116 maxime3
409 1015 621 1092 descenderet
648 1042 730 1092 tunc
756 1019 848 1093 enim
874 1047 958 1121 aqua

96 1123 135 1193 ad
164 1119 314 1193 libellam
354 1122 449 1216 juxta
486 1117 669 1194 fluidorum
697 1143 885 1208 naturam,
921 1146 956 1194 ut

97 1220 197 1315 paulo
217 1243 316 1308 ante,
344 1218 554 1292 Archimede
582 1219 736 1308 auclore,
755 1219 954 1294 docuimus.

8 1405 9 1412 ἵ
97 1321 230 1410 Quinta
252 1319 342 1394 ratio
364 1321 434 1411 est,
459 1318 533 1418 quia
558 1317 728 1394 lieri-non
755 1323 845 1418 polle
867 1321 955 1395 arbi-

96 1445 246 1512 uantur,
269 1445 306 1494 ut
319 1420 475 1494 homines
487 1419 735 1520 nobisopposrti
764 1421 799 1516 in
813 1425 953 1497 Tellure

94 1522 290 1612 consiliant,
314 1548 353 1594 ut
381 1521 471 1620 putei
497 1548 619 1624 aquam
643 1520 860 1608 contineant,
880 1523 947 1596 &c.

94 1623 176 1695 llaec
203 1621 279 1696 sane
303 1618 420 1709 ratio‚·
452 1645 516 1719 prae
547 1619 696 1706 caetris,
737 1620 836 1694 risum
877 1649 952 1694 mo·

91 1745 175 1793 vet.
200 1725 330 1794 Annon
355 1719 444 1792 idem
473 1721 515 1792 de
539 1719 645 1792 nobis·
665 1717 954 1792 videbiturAnri·

90 1819 225 1918 podis?
265 1825 316 1892 At
359 1843 396 1892 ut
433 1817 521 1891 linea
559 1845 578 1890 a
614 1816 724 1914 capite
759 1819 871 1890 nollro
900 1845 957 1914 per

96 1917 249 1993 medium
298 1945 419 2016 corpus
454 1917 555 1992 dulle
600 1919 717 1991 Terre
766 1915 957 2016 superficiei

94 2017 382 2118 perpendicularis
407 2015 476 2108 en,
514 2021 549 2093 &
576 2015 617 2091 ad
655 2015 809 2091 centrum
838 2023 956 2095 Terrae

92 2120 231 2207 tendit,
252 2119 288 2194 in
312 2120 401 2221 quod
426 2119 542 2218 gravia
568 2117 684 2194 omnia
724 2116 915 2218 diriguntur
941 2149 955 2222 3

93 2219 143 2294 ita
169 2217 244 2296 sane
272 2221 395 2296 accidit
421 2223 455 2294 &
483 2218 696 2316 Antipodis.

146 2325 291 2397 Terram
320 2332 400 2422 ergo
427 2324 629 2413 rotundam,
669 2319 819 2396 sensere
848 2321 957 2418 sphe-

92 2420 198 2496 ricam
222 2424 284 2496 elle
313 2448 443 2498 eertum
471 2424 537 2497 est.
567 2427 669 2509 Fere,
687 2420 845 2520 inquam.
871 2425 957 2495 Non

32 2556 34 2564 ·
93 2522 185 2596 enirn
210 2521 390 2625 attigimus
429 2523 593 2598 haetenus
618 2520 832 2622 questionem
862 2521 951 2596 inter

92 2623 316 2725 Philosophus
354 2625 606 2700 celeberrimam
633 2677 643 2711 ‚
666 2649 809 2722 quotum
857 2623 953 2710 alii,

88 2727 272 2800 Bumettus
307 2725 450 2815 scilicet,
478 2723 793 2812 Eisenchsmidius,‘
826 2723 956 2799 Moira·
1104 2725 1106 2730 ’

84 2851 176 2918 nus,
203 2827 259 2902 alii
288 2853 328 2901 ue
353 2830 532 2927 putabant,
559 2829 706 2900 Terram
725 2825 952 2923 Sphaeroidem

86 2927 151 3002 elle
177 2927 238 3001 ovi
264 2855 375 3002 lorino
401 2931 441 3002 ad
468 2931 565 3028 polos
592 2929 782 3016 elevatam,
820 2925 858 2998 ad
884 2927 943 2997 ΙΕ-

89 3045 269 3128 quaterem
297 3053 381 3103 vero
406 3030 618 3128 depreffam3
644 3027 702 3100 elii
728 3031 812 3099 uero
839 3027 943 3115 Huy·

84 3127 205 3230 genius
240 3128 430 3217 videlieet,
463 3133 685 3219 Newtonus‚
731 3121 942 3294 Maupertui-

82 3233 180 3318 lius,
222 3229 258 3298 δι
292 3226 535 3314 nolitis1hisce
572 3226 786 3330 temporibus‘
829 3247 883 3294 ere
905 3247 942 3294 o·

85 3353 186 3404 mnes
212 3325 355 3417 docent,
378 3329 525 3402 Terram
545 3328 776 3423 Sphaeroidem
798 3325 861 3394 elle
884 3347 941 3395 cae·

85 3457 134 3530 pae
150 3423 320 3523 limilemss
347 3425 388 3504 ad
414 3429 510 3530 polae
535 3421 805 3600 {jeprellatu'md
826 3425 948 3518 AEqrr'ep

618 3553 639 3628 3
842 3549 892 3596 to·

8 4371 11 4380 Δ
193 4341 206 4360 Q

48 4383 62 4396 ,Ι
89 4398 94 4403 .
