2884 5138
0 393 1 420 q
268 311 475 388 rurstcffi
498 309 874 386 murmuramus
926 335 948 412 3
1047 307 1053 315 ·

0 425 1 428 ’
134 417 172 489 nt
200 417 300 508 3'000
325 408 529 504 Catashgum
565 405 785 484 Flamstrdius
805 410 1003 506 ediderit,

130 512 269 608 teiiquae
296 533 379 583 uero
396 505 516 582 viri'utr
540 507 647 599 adeo,
667 508 741 582 aliz
765 508 842 584 aliis
865 537 1002 611 appare.

0 677 2 698 ,
133 637 218 700 aut,
245 609 460 708 minimoque
487 607 584 698 adeo,
607 608 821 685 validissimis
846 612 1005 690 Telesro·

0 731 1 734 ’
131 712 196 813 piis
222 708 398 808 iusptsiae,
429 707 609 784 videantur
632 761 643 798 ‚
669 734 708 786 ut
735 735 849 786 earum
875 711 1005 826 assequi

135 839 200 890 nos
226 810 317 910 posse
343 827 558 899 numerum,
582 810 644 910 qui
682 811 892 913 imaginandi
929 837 1005 889 uun

1 921 2 992 J
134 937 272 988 omnem
297 907 428 1012 prorsus
455 909 618 1002 excedit,
654 909 862 1013 desperatum
890 913 1005 990 omoi-

131 1039 178 1088 uo
198 1011 260 1086 fir.
362 1031 365 1040 ·
465 1073 469 1080 .

180 1111 218 1186 si
241 1138 323 1187 utro
345 1139 365 1186 a
389 1109 469 1190 siria
491 1111 532 1188 ad
561 1113 777 1190 Psaoetarum
802 1112 862 1218 qui
884 1114 1001 1190 Solem

131 1212 314 1312 ambiunt,
335 1213 478 1312 systema
500 1211 764 1306 descendamus,
788 1215 825 1292 iu
849 1236 1001 1315 quorum

128 1313 318 1390 orbitarum
341 1315 423 1392 foco
449 1315 509 1392 sol
536 1315 628 1418 quast
670 1317 768 1392 solio·
792 1315 937 1394 residens
962 1345 1000 1392 o·
1092 1361 1095 1370 ·

131 1415 224 1492 mnia
252 1417 405 1494 luresua
433 1415 543 1520 pingit
568 1419 604 1491 dr
630 1442 760 1510 ornat,
794 1421 906 1494 calore
940 1415 1002 1494 suo

128 1516 243 1609 fovet,
269 1544 449 1619 movetque
474 1518 532 1596 sua
560 1516 594 1594 vi
619 1521 657 1595 δι
684 1517 790 1620 agitat
812 1517 994 1610 uniuersa,
1094 1550 1099 1558 ·

131 1618 412 1721 Plauetarumque
440 1646 574 1697 motum
600 1621 750 1715 excitat,
779 1621 890 1724 regit,
914 1645 1002 1694 tem·

133 1743 263 1816 perat,
297 1721 338 1794 ad
371 1721 608 1820 distantirsque
641 1721 749 1800 varias
781 1750 840 1820 per
873 1719 1003 1820 ellipti·

131 1843 185 1892 cas
222 1818 350 1892 orbitas
385 1819 485 1892 certis
528 1819 821 1916 constantibusqut
869 1820 1001 1916 legibus

129 1917 375 1990 circumvolvit
402 1923 610 2016 praepotens,
636 1909 998 2003 decom-eximium
1073 1908 1091 1918 '⁸

1 2037 2 2044 ’
128 2042 212 2090 num
241 2017 282 2089 ad
310 2015 475 2118 exiguum
501 2013 633 2115 aliquid
646 2037 810 2090 mentem
853 2038 1000 2092 conver·

129 2112 259 2196 timus?
286 2116 383 2208 Quid
401 2113 518 2214 'quaeso
551 2113 709 2192 machina
746 2117 809 2194 hac
843 2115 1001 2210 systema·

129 2216 177 2294 ris
200 2215 335 2311 hujusce
362 2216 466 2292 nosiri
494 2213 795 2314 magnificentius?
820 2219 999 2314 Ejuscon·

132 2315 311 2416 templario
345 2315 476 2394 excitat
512 2316 702 2410 animum,
738 2315 796 2417 qui
834 2314 931 2419 gessit
965 2320 1004 2392 δι

130 2419 288 2509 exultat,
309 2419 502 2520 rapiturque
515 2415 552 2494 in
573 2425 748 2495 rasurarum
775 2443 890 2494 rtrum
911 2441 1002 2492 ron·
1142 2497 1148 2504 ,

131 2519 417 2618 templationem.
732 2591 733 2594 ,

184 2620 370 2696 Proximus
403 2619 476 2695 Soli
504 2617 708 2696 ,Mercurius
728 2645 758 2711 ,¹
775 2620 819 2698 rd
855 2642 1001 2722 quatuor

130 2721 228 2799 mille
268 2748 382 2798 tamen
423 2721 668 2799 diametrorum
716 2725 830 2800 Terra
866 2751 885 2796 a
921 2721 1001 2796 Sole

132 2821 207 2925 ipso
244 2822 472 2914 distantiam,¹
504 2821 630 2924 pernici
665 2821 752 2898 adeo
784 2820 1000 2923 rapiditate,

131 2923 302 3000 menfibus
325 2925 457 3002 scilicet
480 2921 547 3001 sere
584 2924 722 3012 tribus,
757 2923 847 3000 circa
880 2925 998 3000 Sosem

132 3025 169 3099 iu
197 3053 321 3128 gyrum
348 3027 507 3130 rapitur,
547 3049 583 3101 ut
616 3024 754 3126 capiti,
792 3023 998 3127 pedibusque

136 3126 307 3204 Mercurii
332 3131 402 3205 alas
428 3129 560 3204 veteres
585 3127 788 3218 affixerint,
817 3125 996 3228 ipsumque

135 3223 231 3314 Jovis
255 3230 417 3308 nuncium
444 3229 634 3306 identidem
658 3226 872 3328 diditarirtt.
965 3270 990 3293 ,ι

189 3325 361 3402 Mercurio
386 3331 574 3431 proxima,
612 3333 718 3430 longo
752 3349 864 3400 tamen
891 3319 998 3398 iuter·

135 3425 386 3522 vallo,Veuua
411 3435 455 3511 ad
479 3433 607 3534 septem
636 3433 729 3507 mille
744 3425 995 3600 diamtrrTorum

504 3595 506 3600 .
578 3534 664 3602 Aa
902 3549 949 3598 rr·
