2884 5138
506 271 529 330 Ι
711 253 741 320 C
764 251 858 320 A?
885 251 969 320 UT
1027 249 1058 320 I.

453 349 525 456 git,
548 375 587 426 te
611 347 652 422 de
679 345 721 424 iis
745 336 1070 450 qualitatibu's,quae
1097 371 1168 420 non
1194 375 1318 450 eorpo-

455 454 544 529 tibus
566 449 749 539 omnibus,
779 447 832 524 sed
867 443 1036 560 aliquibus
1069 469 1205 524 tanturn
1242 479 1318 526 cor·

451 573 575 732 ffirum
600 547 756 624 ciaffibus
791 568 1004 624 conveniunt
1025 553 1063 638 ;'
1082 551 1123 622 de
1159 553 1256 628 Calo
1282 553 1318 626 δι

499 653 592 744 undo
619 645 766 749 primum
794 647 895 720 verba
922 648 1032 721 facere
1055 651 1317 741 constituimus,

451 759 495 830 de
523 747 749 854 pulcherrime
776 745 878 820 hacce
901 747 1061 822 videlicet
1090 747 1212 824 Mundi
1239 757 1318 830 Ma.

453 853 586 946 thina,
622 847 756 952 ejusque
794 843 980 948 partibus,
1015 845 1230 948 partiumque
1264 881 1319 928 ea.

453 953 611 1032 rumdem
638 947 877 1039 connexione,
899 974 972 1048 quae
1000 945 1066 1024 Dei
1091 953 1137 1023 Ο.
1161 951 1218 1022 M.
1242 953 1318 1049 glo.

455 1055 542 1134 riam
567 1075 744 1140 enotrant,
772 1048 898 1148 nosque
925 1049 1003 1124 ideo
1030 1049 1072 1125 ed
1112 1047 1180 1123 Dei
1219 1045 1318 1146 ipsus

454 1153 669 1244 Potentiam,
689 1150 925 1248 Maiestatem,
952 1149 1319 1254 Sapientiamquecon-

451 1253 682 1353 tempitndam
709 1253 867 1327 trahunt.

506 1358 585 1430 Pars
611 1354 681 1432 haec
711 1353 860 1451 Physrcae
888 1352 1057 1454 precipuo
1093 1352 1248 1452 utique,
1281 1355 1315 1428 &

450 1454 661 1534 nobiliffima
686 1456 729 1530 ab
754 1454 1023 1546 observatione,
1058 1459 1093 1531 &
1119 1454 1318 1532 Geomettit

451 1557 542 1655 quoii
579 1555 718 1632 tituta
752 1555 846 1632 fonte
883 1581 960 1631 orta
997 1558 1074 1634 est.
1109 1554 1318 1656 Pracipuam

452 1685 527 1732 eam
553 1658 619 1734 effe
647 1655 792 1753 Phystcae
819 1678 949 1756 purtem
976 1657 1032 1731 vel
1052 1655 1120 1732 sola
1146 1657 1317 1734 Caelorunt

450 1757 665 1860 inspediione
689 1755 840 1861 patebit,
864 1756 889 1834 st
914 1755 1093 1836 Astrorunt
1113 1785 1317 1850 numerum,

451 1861 725 1964 singulorumque
751 1862 882 1938 molem
909 1884 984 1934 curn
1008 1861 1159 1938 uerebor
1184 1861 1335 1952 nossto,

451 1961 1317 2065 nostroquehocdomicilio,Terrtvidelicet,con·
1422 1991 1424 1995 ’

453 2059 833 2162 feremus,quaepun6ii
858 2060 1120 2160 instatresptdiu
1145 2087 1224 2153 tot,
1247 2085 1321 2134 ten·

453 2187 637 2261 torumque
672 2187 876 2258 corporum,
909 2161 1075 2263 spatiique
1111 2161 1239 2253 illius,
1282 2159 1321 2236 itt

452 2261 937 2364 quonatant,&turs1ttnt,
964 2261 1052 2340 sumi
1103 2261 1205 2338 otest·
1231 2260 1321 2338 Solis

365 2409 368 2425 ·
452 2360 555 2438 unius
578 2361 780 2464 magnitudo
805 2388 898 2442 tante
921 2364 993 2455 est,
1019 2289 1318 2467 utiietiumquod

300 2551 302 2556 ¹
451 2463 513 2538 Sol
539 2485 629 2539 tenet
655 2463 767 2542 decies
790 2466 918 2542 centies
946 2465 1073 2570 milliee
1099 2469 1217 2542 Tertae
1239 2490 1316 2537 mo·

449 2564 518 2640 lem
545 2565 711 2642 excedat.
738 2567 850 2644 Stella
876 2591 992 2646 nutent
1016 2565 1091 2644 fixae
1130 2565 1203 2643 Soli
1240 2561 1319 2640 huic

450 2663 562 2742 nostro
589 2668 720 2767 penitus
738 2669 896 2764 irmiles,
930 2693 966 2746 ut
993 2669 1213 2770 phaenomena
1250 2691 1321 2740 rna·

451 2763 633 2860 nifestunt,
670 2769 761 2848 Solis
793 2774 920 2850 moleto
957 2793 1169 2875 exequant,
1206 2768 1321 2844 multe

450 2867 701 2969 quoqueinter
735 2870 817 2971 ipsas
843 2876 957 2950 Solem
982 2901 1052 2950 non
1077 2899 1194 2973 perum
1219 2895 1317 2945 exce·

449 2969 565 3062 dunt,
585 2969 644 3050 etsr
666 2973 709 3049 ad
734 2972 908 3052 distantias
933 2975 1018 3050 adeo
1043 2995 1192 3047 remotas
1230 2971 1321 3043 loca·

449 3069 600 3162 rufior,
628 3098 666 3150 ut
690 3099 804 3152 etrum
839 3072 1004 3176 plurimas
1030 3069 1231 3172 Telestopio
1257 3068 1320 3146 vix

450 3168 553 3247 liceat
579 3173 847 3273 deprehendere,
871 3176 961 3271 nudo
997 3202 1080 3251 vtro
1126 3174 1225 3248 oculo
1264 3197 1322 3246 ens

450 3293 584 3348 eernere
611 3277 709 3352 nullo
737 3277 838 3354 tnodo
865 3276 1068 3354 mortalibus
1090 3275 1206 3352 dutum
1245 3273 1319 3350 stt.
1432 3305 1439 3338 ι

449 3369 555 3450 Assru
581 3374 650 3454 ltoet
675 3377 828 3479 iugentia
854 3380 937 3458 adeo
974 3404 1026 3458 tot
1061 3403 1208 3459 nurnero
1231 3369 1318 3543 usum
