2910 5404
238 211 449 286 PHYSICAE
474 207 843 284 PARFICUMRIS
872 233 941 312 ²¹3

18 307 29 370 l
124 313 161 390 dt
184 331 302 390 contra
329 310 502 407 fignorum
529 305 683 381 ordinem
725 301 804 384 ide'st
831 309 867 384 in
895 335 990 386 ante.

127 412 316 509 cedentia3
352 434 452 503 quare
480 432 560 482 tunc
594 406 759 508 temporis
796 414 995 513 retrograda

124 513 282 600 dieitur,
321 505 444 582 licere
477 507 558 583 Sole
584 506 655 584 vila
678 508 868 586 etiamnum
903 511 990 587 dire·

124 613 181 688 &a
205 631 431 709 cerneretur3
464 613 500 686 8<
538 608 630 686 inter
665 609 917 703 diredlionem,
950 639 989 689 ac

127 706 473 810 retrogradationenr,
510 737 611 812 prope
635 715 672 783 D
698 709 848 802 scilieet,
875 714 987 790 llario·

124 812 220 886 uaria
248 835 417 909 apparet,
454 811 554 886 redlis
588 837 709 912 nempe
735 816 916 906 Terram,
951 819 989 889 δι

127 917 298 986 Venerem
325 911 446 986 eodem
468 938 647 998 momento
673 913 916 1013 jungentibus,
933 939 991 1012 pet

127 1035 258 1112 tempus
282 1011 459 1102 notabile,
485 1013 652 1112 parallelis
674 1011 910 1091 manentibna.
938 1015 991 1089 si-

122 1112 198 1188 mili
236 1115 340 1189 modo
378 1113 448 1212 poll
497 1115 860 1216 retrogradationem«,-
895 1139 990 1190 ante·

120 1239 221 1314 quam
248 1218 366 1289 Venus
402 1213 510 1290 rursus
545 1215 673 1293 'diredla
706 1213 766 1292 fiat
795 1270 806 1302 ‚
841 1215 989 1292 secundo

119 1315 312 1392 llarionaria
341 1341 445 1416 prope
477 1323 513 1392 ·F
537 1317 742 1409 videbitur,
776 1319 812 1391 &
844 1318 987 1418 quidem

123 1416 319 1492 stationaria
347 1417 388 1492 ad
417 1415 670 1509 diredlionem,
706 1419 787 1520 quia
815 1445 899 1495 mox
927 1418 945 1492 l
967 1463 993 1484 ··

116 1539 192 1592 tura
235 1515 444 1596 eudineera
480 1518 515 1592 in
552 1547 647 1618 parte
682 1519 803 1592 orbita
844 1521 987 1612 Fen,-

115 1640 202 1690 nam
232 1617 328 1714 prior
349 1615 455 1690 llario
477 1619 518 1690 ad
547 1621 581 1692 D
605 1641 676 1692 erat
712 1617 755 1691 ad
784 1621 984 1714 retrograda·

119 1714 286 1789 tionem.
326 1713 470 1788 Interim
506 1741 618 1790 autem
662 1719 698 1790 δι
737 1717 981 1814 progredientis

116 1819 235 1890 Terrae
258 1813 346 1890 ratio
372 1814 528 1890 habenda
553 1813 629 1917 est3
656 1841 734 1890 nam
751 1813 983 1907 dirruiones,

115 1914 277 1990 stationes
298 1968 318 2004 ,·
353 1918 389 1990 δι
428 1915 738 2018 retrogradationes
782 1913 983 2014 descripta,

118 2015 209 2090 liunt
235 2043 350 2117 quum·
371 2019 489 2092 Venus
527 2016 675 2093 versatur
711 2015 747 2089 in
771 2015 888 2091 orbita
914 2009 991 2090 suae'

113 2117 295 2220 patribus,
319 2145 395 2220 quat
422 2118 525 2194 modo
553 2118 647 2218 snpra
670 2117 768 2193 difi’to
791 2114 982 2193 referuntur

118 2222 162 2296 ad
191 2219 370 2296 Tellurem
396 2218 523 2294 interea
551 2245 705 2295 motam.

166 2323 222 2394 Ex
248 2319 350 2396 dietis
378 2345 513 2420 apparet
533 2325 700 2396 Venerem
727 2319 979 2420 retrogradam,

114 2419 255 2498 Telluri
283 2421 479 2522 propiorem
504 2421 567 2498 ell'e
584 2471 600 2512 ·‚
645 2418 848 2527 &proinde
874 2422 979 2516 majo-

111 2550 190 2601 rem
219 2522 348 2598 videri.
376 2529 407 2600 E
434 2547 553 2600 contra
577 2521 767 2614 diredlam,
794 2546 831 2595 ut
858 2521 899 2595 ad
924 2523 980 2610 C,

115 2623 464 2728 manuninum,
503 2623 648 2726 ideoque
683 2645 840 2724 apparere
866 2619 979 2696 mino·

79 2753 204 2804 rem.
893 2785 897 2790 -

129 2865 136 2873 ·
163 2833 272 2904 Porro
295 2828 459 2932 quoniam
488 2834 604 2914 Venus
639 2825 754 2903 Solem
793 2823 902 2904 ambit
932 2821 976 2898 td

112 2927 282 3002 minorem
307 2929 534 3021 distantiam,
570 2949 673 3030 quam
708 2932 845 3016 Terra,
880 2945 975 3020 patet

112 3024 209 3099 illam
236 3053 255 3102 e
278 3031 420 3103 Tellure
445 3024 577 3120 visam,
601 3030 715 3108 Solem
737 3051 900 3128 perpetuo
921 3045 976 3092 eo·

114 3122 267 3226 mirari3
311 3153 484 3230 quumque
527 3129 682 3206 Calellia
718 3127 833 3202 omnia
866 3128 978 3197 locata

115 3223 300 3302 uideantur
335 3229 376 3304 ad
413 3229 569 3305 eamdem
597 3257 616 3304 a
642 3229 829 3330 speetatore
855 3221 975 3297 dillan·

114 3327 223 3406 tiam:
250 3330 367 3407 Venus
392 3355 479 3408 nunt
506 3333 548 3410 ed
570 3355 711 3422 orrum,
740 3353 828 3406 nune
852 3321 895 3398 ad
919 3347 975 3396 oe·

565 3433 600 3503 Ο
651 3453 670 3526 3
757 3434 758 3438 ’
873 3450 928 3502 et·
