2918 5348
495 241 600 396 ssaid
628 215 723 384 enirii
745 213 839 384 licei²
857 217 899 382 di
918 211 1064 420 {lecinii
1089 309 1207 384 eodem
1234 337 1312 387 mo·

443 427 501 513 do,
512 445 581 520 quo
607 414 648 487 de
673 412 833 510 amphora
861 408 1024 508 judicare.
1052 413 1152 486 Hanc
1176 410 1199 484 si
1226 440 1316 514 aqua

444 530 578 625 plenam
603 511 668 590 aeti
707 513 815 587 libero
841 537 1019 609 exponas,
1058 509 1152 584 vides
1189 539 1312 613 aquam

444 624 563 722 utique
594 616 630 692 in
667 613 768 688 horas
806 610 1000 700 imminui,
1034 609 1144 686 sorana
1180 612 1313 690 seilicet

443 746 611 822 vaporum
639 721 795 814 peraeta
821 711 991 813 dispergi,
1026 715 1060 786 dt
1087 713 1203 788 abilla
1230 739 1312 790 tan·

444 825 524 901 dem
552 845 672 922 aquam
699 840 838 888 omnem
864 813 977 903 abire,
1013 811 1074 886 nist
1101 813 1218 912 pluvia
1256 816 1311 888 in·

445 950 538 1002 terra
563 922 596 995 in
621 916 817 1012 amphoram
844 917 960 988 cadat.
993 919 1071 990 l·loc
1099 913 1173 987 ideo
1191 915 1310 990 evenit

444 1023 595 1109 scilicet,
617 1017 700 1118 quia
726 1013 783 1098 etli
811 1039 949 1110 vapores
975 1041 1016 1088 ex
1043 1018 1207 1113 amphora
1232 1014 1308 1088 sub-

443 1122 506 1200 lati
533 1147 590 1217 per
616 1141 751 1202 aerem,
779 1112 904 1190 iterum
930 1112 965 1187 in
993 1119 1138 1210 Terram
1164 1117 1308 1206 cadant,

441 1225 480 1300 in
507 1221 571 1296 alia
597 1243 710 1294 tamen
737 1214 810 1288 lota
835 1213 950 1288 cadere
979 1217 1135 1313 possunt,
1162 1220 1197 1290 8(
1217 1216 1307 1291 iden·

442 1325 546 1398 tidem
574 1319 713 1402 cadunt,
740 1313 861 1389 delatis
889 1314 956 1389 hue
980 1315 1128 1416 illucque
1166 1319 1306 1417 vapori·

440 1428 501 1502 hus
527 1423 564 1497 vi
591 1420 781 1518 impetuque
794 1419 1096 1509 ventorquuae
1122 1421 1157 1491 dt
1182 1419 1306 1516 inpar.

439 1527 493 1600 vis
517 1521 668 1624 stagnis,
702 1543 803 1618 atque
828 1515 1004 1616 paludibus
1037 1518 1173 1594 evenire
1200 1517 1306 1594 facile

442 1627 577 1727 possunt
593 1623 615 1695 .’

491 1724 672 1825 Aequum
699 1720 741 1796 de
769 1726 908 1796 Oceano
932 1721 1041 1798 sermo
1066 1723 1129 1811 est,
1157 1750 1244 1825 aqua
1268 1753 1306 1799 o·

440 1827 554 1914 mnis,
577 1851 650 1921 quae
675 1847 837 1921 vaporum
865 1821 974 1896 forma
989 1851 1049 1919 per
1076 1849 1149 1898 aera
1173 1823 1303 1900 sursunt

439 1924 640 2014 attollitur,
676 1922 800 1998 iterum
835 1949 1020 2021 aqueorum
1069 1949 1302 2002 meteororum

438 2026 549 2103 forma
577 2026 632 2099 vel
659 2022 693 2098 in
720 2027 896 2098 Oceanum
924 2025 1042 2115 cadit,
1079 2027 1132 2098 vel
1172 2051 1230 2123 per
1256 2027 1303 2102 ti.

324 2147 330 2156 '
438 2156 532 2220 uos,
567 2122 773 2202 &flumina
799 2124 939 2200 tandem
966 2127 1147 2230 aliquando
1184 2125 1218 2200 in
1247 2133 1296 2200 Ο.

437 2257 578 2305 reanum
608 2227 707 2302 ruit.
734 2230 848 2318 Quare
884 2251 1053 2327 quantum
1078 2225 1299 2303 imminuitur

436 2328 569 2400 Oceani
607 2353 691 2422 aqua
726 2326 955 2401 sublevatione
992 2353 1192 2426 vaporum,
1226 2353 1302 2402 tan-

435 2426 588 2499 tumdem
614 2423 673 2496 illa
700 2425 860 2520 quidem,
889 2425 990 2501 serius
1015 2427 1139 2519 ocius,
1173 2456 1300 2530 aqueo.

433 2551 511 2600 rum
558 2545 781 2596 meteororum
826 2525 917 2624 lapsu
964 2525 1071 2598 rursus
1116 2552 1293 2626 augetur.

433 2622 527 2714 Quid
552 2621 642 2696 enim
672 2625 684 2700 ἓ
721 2647 858 2718 vapores
893 2623 943 2696 illi
982 2651 1041 2720 per
1079 2649 1152 2698 aera
1176 2625 1297 2706 sublati

432 2751 502 2826 quo
526 2723 662 2797 tandem
690 2722 835 2812 abeunt,
863 2720 1051 2797 nili’tursus
1077 2723 1113 2796 in
1141 2728 1296 2806 Terram

323 2877 329 2888 ,
430 2833 557 2900 ruant?
594 2827 691 2901 Num
719 2821 953 2912 evanescunt„
989 2823 1217 2920 destruuntur,
1255 2829 1295 2906 in

428 2926 576 3003 nihilum
603 2923 848 3000 revertuntur?
882 2929 936 3000 At
962 2925 1150 3024 ecquisnam
1177 2983 1188 3018 ,
1222 2955 1294 3012 non

430 3027 651 3126 Philosophus
685 3026 823 3114 modo,
858 3023 912 3100 sed
945 3029 980 3102 δι
1020 3028 1061 3102 de
1093 3027 1196 3103 trivio
1231 3032 1292 3107 ho·

431 3133 611 3208 muntulus
633 3129 789 3228 ignorat,
814 3153 936 3206 naturae
963 3127 1120 3208 viribus:
1146 3161 1184 3204 ex
1209 3135 1295 3208 nihi.

430 3231 597 3321 lonibil,
623 3232 658 3303 itt
683 3230 820 3304 nibilum
847 3234 897 3304 nil
915 3231 998 3328 posse
1025 3232 1171 3308 reverti?

482 3333 603 3430 Neque
628 3359 709 3409 vero
735 3333 871 3408 abacta
896 3329 1045 3408 sustineri
1067 3334 1292 3505 vaposrespos.

1162 3458 1241 3527 unt,
