2886 5318
514 277 590 374 426
709 274 738 342 C
763 267 861 342 ΑΡ
890 275 976 342 UT
1027 273 1073 343 Π.

470 404 505 454 re
535 379 596 450 hae
619 393 734 458 tanta,
764 371 806 443 dn
832 369 932 444 novis
958 368 1087 445 scilicet
1114 367 1288 444 montibus
1319 427 1333 463 ,

469 481 612 564 suadet,
658 471 745 548 nihil
770 469 959 569 hujusmodi
986 471 1028 546 ab
1053 469 1233 545 hominum
1261 499 1332 545 nte·

470 577 615 667 moria,
650 573 686 647 in
710 579 820 650 Terta
844 571 938 647 fuiffe
965 601 978 673 3
1020 569 1201 669 prasertim
1227 599 1335 672 quunn

470 675 623 756 historici
649 701 717 748 non
742 673 877 763 fileant,
905 672 1086 771 siquando
1109 699 1246 748 montes
1272 674 1337 747 ali·

471 782 531 882 qui
560 783 807 864 Terraernotu,
844 775 902 847 vel
927 776 994 847 alia
1022 775 1144 875 quavis
1171 775 1213 849 de
1238 775 1336 848 causa

473 880 715 957 subsederunt.
752 876 856 966 Quod
884 901 967 950 vero
993 879 1035 950 ad
1061 875 1234 950 Vulcanus
1257 874 1338 949 atti·

474 1005 553 1067 net,
578 979 599 1050 st
624 975 849 1049 admiratione
872 999 964 1050 tanta
991 975 1126 1073 hujusce
1152 975 1255 1052 seculi
1282 976 1336 1048 hi·

472 1075 617 1165 storici,
651 1077 687 1149 δε
721 1073 920 1170 Philosophi
936 1081 957 1162 ¹,
981 1077 1064 1149 noui
1090 1076 1184 1150 illius
1207 1077 1338 1176 scopuli

474 1203 591 1253 ortum
618 1175 657 1248 ad
685 1173 862 1249 Santurini
887 1172 1029 1249 insulam
1053 1175 1299 1277 descripserunt
1324 1207 1335 1251 ε

474 1306 534 1352 eur
557 1275 667 1377 queso
693 1277 735 1348 de
763 1273 941 1371 Alpium,
978 1276 1115 1352 Caucasi
1141 1332 1152 1367 ,
1187 1277 1296 1353 Tauri
1326 1295 1363 1371 ,'

475 1376 661 1466 Atlantis,
695 1373 902 1471 aliorumque
931 1375 1106 1451 montium
1143 1377 1338 1478 ingentium

474 1503 552 1553 ortu
576 1477 610 1550 in
640 1474 840 1565 historicis,
867 1473 1140 1578 philosophisque
1166 1480 1340 1554 veteribus

477 1607 520 1654 ne
548 1580 690 1652 verbum
718 1576 858 1674 quidem
884 1603 990 1652 unum
1016 1579 1235 1653 invenimus?

525 1681 631 1773 Quod
658 1680 698 1752 ad
735 1680 879 1752 conchas
906 1681 941 1752 &
969 1677 1077 1778 pisces
1101 1681 1245 1769 attinet,
1272 1681 1334 1778 qui

475 1783 512 1857 in
544 1777 716 1855 montium
752 1778 936 1854 visceribus
982 1780 1234 1869 inveniuntur,
1269 1781 1340 1856 hac
1437 1815 1438 1848 r

476 1907 634 1979 magnam
672 1882 717 1956 aii
747 1907 823 1953 unnr
862 1881 1017 1956 indicant
1050 1885 1166 1959 Terra
1202 1881 1339 1956 subver-
1435 1947 1436 1968 ,

475 1984 625 2081 florent,
648 1907 833 2078 cujuinrodi
858 1981 916 2056 illa
939 1981 1227 2083 diluviitenrpore
1252 1981 1342 2058 fuit.

528 2089 660 2157 Ventos
696 2109 811 2156 autem
847 2083 1000 2182 genuisse
1037 2112 1202 2176 tnontes,
1237 2112 1340 2158 arena

478 2185 594 2282 aliquo
621 2185 762 2274 delata,
794 2183 870 2284 quis
893 2187 1041 2261 credat?
1080 2191 1211 2262 Ventos
1236 2211 1341 2261 atenae
1437 2185 1438 2196 ’

479 2311 639 2361 acervum
663 2283 801 2384 gignere
829 2284 972 2384 potuiffe
1000 2287 1197 2390 fidederis3
1223 2288 1343 2388 ecquis

481 2410 597 2460 tatnen
626 2383 704 2456 iden
727 2383 882 2462 animum
912 2388 1049 2464 inducat
1074 2389 1208 2484 suunt,
1245 2419 1344 2464 rnon·

480 2509 532 2558 tes
558 2483 731 2582 ingentes,
759 2487 998 2589 montiumque
1025 2491 1129 2588 juga,
1150 2519 1254 2590 eaque
1280 2495 1342 2565 du·

480 2582 637 2674 tiffima,
664 2587 700 2658 8<
726 2583 797 2660 fere
822 2613 893 2663 tota
917 2615 1140 2684 marmorea,
1176 2620 1247 2691 quae
1274 2599 1343 2665 Ita.

479 2685 561 2759 liam
590 2709 729 2779 totam,
768 2692 825 2764 vei
851 2689 1041 2763 Australem
1065 2695 1260 2768 Americanr
1290 2693 1343 2765 in·

481 2812 608 2886 tegranr
635 2787 848 2878 diffindunt,
888 2815 1066 2867 ventorum
1096 2793 1130 2868 vi
1156 2793 1253 2894 gigni
1282 2821 1345 2893 po-

479 2885 613 2964 tuiss'e?
650 2893 843 2965 Tantorum
881 2915 1064 2970 ventorum
1093 2893 1221 2990 impetu
1250 2896 1343 2986 deje-

480 2989 541 3066 &ae
569 2993 698 3084 Urbes,
725 2995 760 3066 ἃ
786 3014 876 3064 arces
902 2994 1040 3086 effent,
1074 2994 1246 3073 eradicata
1274 2996 1343 3090 syl.

481 3119 553 3184 var,
576 3093 651 3166 itno
678 3089 795 3164 omnia
821 3091 956 3192 penitus
983 3095 1134 3168 subversa
1160 3097 1296 3172 fuiffent
1325 3147 1337 3168 .

477 3196 533 3266 De
556 3221 624 3294 qun
651 3191 748 3268 ruina
774 3216 897 3288 tanta,
924 3199 1072 3296 adeoque
1101 3197 1338 3284 lamentabili,

477 3295 570 3368 nulla
606 3323 719 3374 tannen
754 3293 791 3370 in
834 3297 979 3376 historiis
1012 3302 1145 3378 mentio
1184 3297 1338 3377 inveniri

480 3395 609 3490 potest.

673 3547 680 3560 .
1210 3500 1289 3570 Me.
