<?xml version="1.0" encoding="UTF-8"?>
<!DOCTYPE html PUBLIC "-//W3C//DTD XHTML 1.0 Transitional//EN"
    "http://www.w3.org/TR/xhtml1/DTD/xhtml1-transitional.dtd">
<html xmlns="http://www.w3.org/1999/xhtml" xml:lang="en" lang="en">
 <head>
  <title>
</title>
<meta http-equiv="Content-Type" content="text/html;charset=utf-8" />
  <meta name='ocr-system' content='tesseract 3.04.00' />
  <meta name='ocr-capabilities' content='ocr_page ocr_carea ocr_par ocr_line ocrx_word'/>
</head>
<body>
  <div class='ocr_page' id='page_1' title='image "./naturalisphilos00cologoog_0294.png"; bbox 0 0 2906 4314; ppageno 0'>
   <div class='ocr_carea' id='block_1_1' title="bbox 471 237 1427 3357">
    <p class='ocr_par' dir='ltr' id='par_1_1' title="bbox 471 237 1354 838">
     <span class='ocr_line' id='line_1_1' title="bbox 523 237 1354 340; baseline -0.01 -22"><span class='ocrx_word' id='word_1_1' title='bbox 523 241 597 340; x_wconf 73' lang='lat'>276</span> <span class='ocrx_word' id='word_1_2' title='bbox 706 237 858 310; x_wconf 64' lang='lat' dir='ltr'>cors</span> <span class='ocrx_word' id='word_1_3' title='bbox 886 239 971 312; x_wconf 79' lang='lat' dir='ltr'>UT</span> <span class='ocrx_word' id='word_1_4' title='bbox 1032 239 1080 310; x_wconf 80' lang='grc' dir='ltr'>Η.</span> <span class='ocrx_word' id='word_1_5' title='bbox 1350 331 1354 338; x_wconf 17' lang='grc'>1</span> 
     </span>
     <span class='ocr_line' id='line_1_2' title="bbox 473 337 1340 444; baseline 0.003 -28"><span class='ocrx_word' id='word_1_6' title='bbox 473 337 549 418; x_wconf 84' lang='lat' dir='ltr'>lunt</span> <span class='ocrx_word' id='word_1_7' title='bbox 576 401 587 434; x_wconf 89' lang='lat'><strong>‚</strong></span> <span class='ocrx_word' id='word_1_8' title='bbox 618 343 652 413; x_wconf 80' lang='lat' dir='ltr'>dt</span> <span class='ocrx_word' id='word_1_9' title='bbox 680 337 843 412; x_wconf 75' lang='lat' dir='ltr'>dilinntiae</span> <span class='ocrx_word' id='word_1_10' title='bbox 871 337 953 429; x_wconf 79' lang='lat' dir='ltr'>hae,</span> <span class='ocrx_word' id='word_1_11' title='bbox 988 362 1132 438; x_wconf 84' lang='lat' dir='ltr'>quatum</span> <span class='ocrx_word' id='word_1_12' title='bbox 1172 341 1340 444; x_wconf 61' lang='lat' dir='ltr'>pleraque</span> 
     </span>
     <span class='ocr_line' id='line_1_3' title="bbox 471 433 1339 528; baseline -0.009 -10"><span class='ocrx_word' id='word_1_13' title='bbox 471 442 642 518; x_wconf 84' lang='lat' dir='ltr'>Antonini</span> <span class='ocrx_word' id='word_1_14' title='bbox 669 437 851 513; x_wconf 81' lang='lat' dir='ltr'>ltinernrio</span> <span class='ocrx_word' id='word_1_15' title='bbox 876 433 1161 528; x_wconf 83' lang='lat' dir='ltr'>confirmantur,</span> <span class='ocrx_word' id='word_1_16' title='bbox 1186 471 1263 517; x_wconf 87' lang='lat' dir='ltr'>curn</span> <span class='ocrx_word' id='word_1_17' title='bbox 1288 450 1339 518; x_wconf 86' lang='lat' dir='ltr'>lo.</span> 
     </span>
     <span class='ocr_line' id='line_1_4' title="bbox 474 537 1340 638; baseline -0.001 -19"><span class='ocrx_word' id='word_1_18' title='bbox 474 568 594 619; x_wconf 83' lang='lat' dir='ltr'>eorum</span> <span class='ocrx_word' id='word_1_19' title='bbox 631 540 767 615; x_wconf 89' lang='lat' dir='ltr'>illonrrn</span> <span class='ocrx_word' id='word_1_20' title='bbox 795 537 971 638; x_wconf 74' lang='lat' dir='ltr'>‘positione</span> <span class='ocrx_word' id='word_1_21' title='bbox 1006 538 1219 615; x_wconf 80' lang='lat' dir='ltr'>conveniunt</span> <span class='ocrx_word' id='word_1_22' title='bbox 1258 600 1268 634; x_wconf 90' lang='lat'><strong>‚</strong></span> <span class='ocrx_word' id='word_1_23' title='bbox 1317 543 1340 618; x_wconf 89' lang='lat' dir='ltr'>li</span> 
     </span>
     <span class='ocr_line' id='line_1_5' title="bbox 475 639 1341 746; baseline -0.002 -26"><span class='ocrx_word' id='word_1_24' title='bbox 475 643 631 720; x_wconf 71' lang='lat' dir='ltr'>mensurae</span> <span class='ocrx_word' id='word_1_25' title='bbox 660 663 815 714; x_wconf 84' lang='lat' dir='ltr'>veterum</span> <span class='ocrx_word' id='word_1_26' title='bbox 852 639 891 711; x_wconf 84' lang='lat' dir='ltr'>sd</span> <span class='ocrx_word' id='word_1_27' title='bbox 929 665 1046 713; x_wconf 82' lang='lat' dir='ltr'>veram</span> <span class='ocrx_word' id='word_1_28' title='bbox 1083 639 1174 716; x_wconf 80' lang='lat' dir='ltr'>suunt</span> <span class='ocrx_word' id='word_1_29' title='bbox 1204 645 1341 746; x_wconf 83' lang='lat' dir='ltr'>quanti·</span> 
     </span>
     <span class='ocr_line' id='line_1_6' title="bbox 474 740 1117 838; baseline -0.005 -19"><span class='ocrx_word' id='word_1_30' title='bbox 474 769 582 819; x_wconf 81' lang='lat' dir='ltr'>tatem</span> <span class='ocrx_word' id='word_1_31' title='bbox 611 767 689 817; x_wconf 89' lang='lat' dir='ltr'>cum</span> <span class='ocrx_word' id='word_1_32' title='bbox 717 740 870 815; x_wconf 87' lang='lat' dir='ltr'>Delisleo</span> <span class='ocrx_word' id='word_1_33' title='bbox 895 740 1117 838; x_wconf 77' lang='lat' dir='ltr'>redigantur.</span> 
     </span>
    </p>

    <p class='ocr_par' dir='ltr' id='par_1_2' title="bbox 473 843 1427 3357">
     <span class='ocr_line' id='line_1_7' title="bbox 528 843 1340 945; baseline 0 -25"><span class='ocrx_word' id='word_1_34' title='bbox 528 851 580 920; x_wconf 84' lang='lat' dir='ltr'>At</span> <span class='ocrx_word' id='word_1_35' title='bbox 619 869 687 916; x_wconf 93' lang='lat' dir='ltr'>non</span> <span class='ocrx_word' id='word_1_36' title='bbox 725 843 827 916; x_wconf 85' lang='lat' dir='ltr'>ruodo</span> <span class='ocrx_word' id='word_1_37' title='bbox 864 866 1017 915; x_wconf 85' lang='lat' dir='ltr'>errarunt</span> <span class='ocrx_word' id='word_1_38' title='bbox 1055 845 1250 945; x_wconf 84' lang='lat' dir='ltr'>Geogrsphi</span> <span class='ocrx_word' id='word_1_39' title='bbox 1289 873 1340 920; x_wconf 88' lang='lat' dir='ltr'>re·</span> 
     </span>
     <span class='ocr_line' id='line_1_8' title="bbox 478 940 1340 1040; baseline -0.006 -17"><span class='ocrx_word' id='word_1_40' title='bbox 478 945 646 1024; x_wconf 84' lang='lat' dir='ltr'>tentiones</span> <span class='ocrx_word' id='word_1_41' title='bbox 670 997 680 1032; x_wconf 86' lang='lat'>‚</span> <span class='ocrx_word' id='word_1_42' title='bbox 725 940 855 1040; x_wconf 87' lang='lat' dir='ltr'>quoties</span> <span class='ocrx_word' id='word_1_43' title='bbox 877 967 896 1014; x_wconf 84' lang='lat' dir='ltr'>s</span> <span class='ocrx_word' id='word_1_44' title='bbox 923 943 1092 1017; x_wconf 86' lang='lat' dir='ltr'>veteribus</span> <span class='ocrx_word' id='word_1_45' title='bbox 1116 947 1340 1036; x_wconf 82' lang='lat' dir='ltr'>recedentes,</span> 
     </span>
     <span class='ocr_line' id='line_1_9' title="bbox 476 1041 1340 1142; baseline 0 -22"><span class='ocrx_word' id='word_1_46' title='bbox 476 1045 640 1123; x_wconf 80' lang='lat' dir='ltr'>contraris</span> <span class='ocrx_word' id='word_1_47' title='bbox 667 1043 852 1117; x_wconf 86' lang='lat' dir='ltr'>docuerunt</span> <span class='ocrx_word' id='word_1_48' title='bbox 874 1096 884 1132; x_wconf 91' lang='lat'>,</span> <span class='ocrx_word' id='word_1_49' title='bbox 909 1041 963 1115; x_wconf 86' lang='lat' dir='ltr'>led</span> <span class='ocrx_word' id='word_1_50' title='bbox 991 1042 1067 1117; x_wconf 91' lang='lat' dir='ltr'>illos</span> <span class='ocrx_word' id='word_1_51' title='bbox 1089 1069 1221 1142; x_wconf 89' lang='lat' dir='ltr'>quoque</span> <span class='ocrx_word' id='word_1_52' title='bbox 1248 1050 1340 1120; x_wconf 83' lang='lat' dir='ltr'>male</span> 
     </span>
     <span class='ocr_line' id='line_1_10' title="bbox 478 1140 1338 1245; baseline 0.002 -25"><span class='ocrx_word' id='word_1_53' title='bbox 478 1146 692 1245; x_wconf 80' lang='lat' dir='ltr'>explicarunt</span> <span class='ocrx_word' id='word_1_54' title='bbox 704 1142 841 1243; x_wconf 88' lang='lat' dir='ltr'>quoties·</span> <span class='ocrx_word' id='word_1_55' title='bbox 866 1140 1101 1240; x_wconf 83' lang='lat' dir='ltr'>eosdemlequi</span> <span class='ocrx_word' id='word_1_56' title='bbox 1127 1147 1338 1222; x_wconf 90' lang='lat' dir='ltr'>voluerunt.</span> 
     </span>
     <span class='ocr_line' id='line_1_11' title="bbox 477 1241 1338 1344; baseline -0.001 -22"><span class='ocrx_word' id='word_1_57' title='bbox 477 1244 754 1344; x_wconf 81' lang='lat' dir='ltr'>Longobardia.,</span> <span class='ocrx_word' id='word_1_58' title='bbox 781 1269 853 1343; x_wconf 81' lang='lat' dir='ltr'>quse</span> <span class='ocrx_word' id='word_1_59' title='bbox 880 1245 1026 1316; x_wconf 82' lang='lat' dir='ltr'>maxima</span> <span class='ocrx_word' id='word_1_60' title='bbox 1053 1241 1100 1318; x_wconf 85' lang='lat' dir='ltr'>sui</span> <span class='ocrx_word' id='word_1_61' title='bbox 1131 1271 1224 1340; x_wconf 86' lang='lat' dir='ltr'>parte</span> <span class='ocrx_word' id='word_1_62' title='bbox 1253 1248 1338 1321; x_wconf 83' lang='lat' dir='ltr'>Gal-</span> 
     </span>
     <span class='ocr_line' id='line_1_12' title="bbox 476 1343 1336 1444; baseline 0.001 -23"><span class='ocrx_word' id='word_1_63' title='bbox 476 1349 530 1422; x_wconf 81' lang='lat' dir='ltr'>liae</span> <span class='ocrx_word' id='word_1_64' title='bbox 558 1350 696 1444; x_wconf 80' lang='lat' dir='ltr'>Togotae</span> <span class='ocrx_word' id='word_1_65' title='bbox 723 1369 874 1418; x_wconf 85' lang='lat' dir='ltr'>veterum</span> <span class='ocrx_word' id='word_1_66' title='bbox 901 1343 1102 1440; x_wconf 83' lang='lat' dir='ltr'>respondet,</span> <span class='ocrx_word' id='word_1_67' title='bbox 1126 1344 1214 1419; x_wconf 84' lang='lat' dir='ltr'>lines</span> <span class='ocrx_word' id='word_1_68' title='bbox 1242 1348 1336 1423; x_wconf 68' lang='lat' dir='ltr'>retra</span> 
     </span>
     <span class='ocr_line' id='line_1_13' title="bbox 477 1443 1336 1544; baseline 0.001 -23"><span class='ocrx_word' id='word_1_69' title='bbox 477 1447 602 1521; x_wconf 82' lang='lat' dir='ltr'>secatur</span> <span class='ocrx_word' id='word_1_70' title='bbox 624 1446 681 1520; x_wconf 84' lang='lat' dir='ltr'>vio</span> <span class='ocrx_word' id='word_1_71' title='bbox 710 1444 874 1536; x_wconf 80' lang='lat' dir='ltr'>AEmilia,</span> <span class='ocrx_word' id='word_1_72' title='bbox 902 1443 1041 1544; x_wconf 81' lang='lat' dir='ltr'>aliisque</span> <span class='ocrx_word' id='word_1_73' title='bbox 1066 1445 1131 1518; x_wconf 85' lang='lat' dir='ltr'>viis</span> <span class='ocrx_word' id='word_1_74' title='bbox 1156 1502 1166 1535; x_wconf 87' lang='lat'>‚</span> <span class='ocrx_word' id='word_1_75' title='bbox 1191 1473 1336 1542; x_wconf 84' lang='lat' dir='ltr'>quarum</span> 
     </span>
     <span class='ocr_line' id='line_1_14' title="bbox 476 1543 1339 1636; baseline 0.001 -14"><span class='ocrx_word' id='word_1_76' title='bbox 476 1545 655 1622; x_wconf 80' lang='lat' dir='ltr'>intervalla</span> <span class='ocrx_word' id='word_1_77' title='bbox 682 1543 871 1636; x_wconf 85' lang='lat' dir='ltr'>habemus,</span> <span class='ocrx_word' id='word_1_78' title='bbox 910 1573 977 1620; x_wconf 90' lang='lat' dir='ltr'>non</span> <span class='ocrx_word' id='word_1_79' title='bbox 993 1547 1111 1621; x_wconf 80' lang='lat' dir='ltr'>modo</span> <span class='ocrx_word' id='word_1_80' title='bbox 1135 1545 1171 1620; x_wconf 90' lang='lat' dir='ltr'>in</span> <span class='ocrx_word' id='word_1_81' title='bbox 1196 1549 1339 1623; x_wconf 78' lang='lat' dir='ltr'>Tabula</span> 
     </span>
     <span class='ocr_line' id='line_1_15' title="bbox 478 1647 1339 1748; baseline -0.001 -25"><span class='ocrx_word' id='word_1_82' title='bbox 478 1647 751 1736; x_wconf 81' lang='lat' dir='ltr'>Theodofiann,</span> <span class='ocrx_word' id='word_1_83' title='bbox 797 1673 872 1748; x_wconf 85' lang='lat' dir='ltr'>quae</span> <span class='ocrx_word' id='word_1_84' title='bbox 908 1673 974 1722; x_wconf 82' lang='lat' dir='ltr'>uns</span> <span class='ocrx_word' id='word_1_85' title='bbox 1011 1647 1148 1722; x_wconf 76' lang='lat' dir='ltr'>Tabula</span> <span class='ocrx_word' id='word_1_86' title='bbox 1186 1651 1339 1748; x_wconf 83' lang='lat' dir='ltr'>Geogrn·</span> 
     </span>
     <span class='ocr_line' id='line_1_16' title="bbox 479 1746 1339 1850; baseline 0 -26"><span class='ocrx_word' id='word_1_87' title='bbox 479 1749 578 1850; x_wconf 80' lang='lat' dir='ltr'>phion</span> <span class='ocrx_word' id='word_1_88' title='bbox 603 1772 792 1840; x_wconf 86' lang='lat' dir='ltr'>veterum,</span> <span class='ocrx_word' id='word_1_89' title='bbox 828 1749 869 1822; x_wconf 84' lang='lat' dir='ltr'>od</span> <span class='ocrx_word' id='word_1_90' title='bbox 897 1751 1008 1823; x_wconf 83' lang='lat' dir='ltr'>nostra</span> <span class='ocrx_word' id='word_1_91' title='bbox 1036 1751 1104 1824; x_wconf 82' lang='lat' dir='ltr'>haec</span> <span class='ocrx_word' id='word_1_92' title='bbox 1128 1746 1226 1850; x_wconf 83' lang='lat' dir='ltr'>usque</span> <span class='ocrx_word' id='word_1_93' title='bbox 1253 1775 1339 1824; x_wconf 83' lang='lat' dir='ltr'>tem·</span> 
     </span>
     <span class='ocr_line' id='line_1_17' title="bbox 480 1847 1427 1950; baseline 0.002 -26"><span class='ocrx_word' id='word_1_94' title='bbox 480 1871 584 1950; x_wconf 80' lang='lat' dir='ltr'>pora,</span> <span class='ocrx_word' id='word_1_95' title='bbox 610 1847 738 1926; x_wconf 76' lang='lat' dir='ltr'>servata</span> <span class='ocrx_word' id='word_1_96' title='bbox 762 1849 832 1943; x_wconf 67' lang='grc' dir='ltr'>οὓς</span> <span class='ocrx_word' id='word_1_97' title='bbox 855 1872 889 1922; x_wconf 85' lang='lat' dir='ltr'>st</span> <span class='ocrx_word' id='word_1_98' title='bbox 918 1849 953 1922; x_wconf 90' lang='lat' dir='ltr'>in</span> <span class='ocrx_word' id='word_1_99' title='bbox 980 1847 1167 1926; x_wconf 79' lang='lat' dir='ltr'>itinerario</span> <span class='ocrx_word' id='word_1_100' title='bbox 1195 1875 1336 1950; x_wconf 90' lang='lat' dir='ltr'>quoque</span> <span class='ocrx_word' id='word_1_101' title='bbox 1426 1895 1427 1898; x_wconf 17' lang='grc' dir='ltr'>π</span> 
     </span>
     <span class='ocr_line' id='line_1_18' title="bbox 480 1948 1427 2054; baseline 0.007 -34"><span class='ocrx_word' id='word_1_102' title='bbox 480 1950 669 2043; x_wconf 82' lang='lat' dir='ltr'>Antonini,</span> <span class='ocrx_word' id='word_1_103' title='bbox 693 1977 731 2028; x_wconf 83' lang='lat' dir='ltr'>sc</span> <span class='ocrx_word' id='word_1_104' title='bbox 755 1949 790 2023; x_wconf 92' lang='lat' dir='ltr'>in</span> <span class='ocrx_word' id='word_1_105' title='bbox 819 1948 1001 2023; x_wconf 78' lang='lat' dir='ltr'>itinerario</span> <span class='ocrx_word' id='word_1_106' title='bbox 1023 1952 1131 2025; x_wconf 85' lang='lat' dir='ltr'>altero</span> <span class='ocrx_word' id='word_1_107' title='bbox 1159 1952 1342 2054; x_wconf 76' lang='lat' dir='ltr'>Burdigala</span> <span class='ocrx_word' id='word_1_108' title='bbox 1426 2003 1427 2016; x_wconf 42' lang='lat' dir='ltr'>r</span> 
     </span>
     <span class='ocr_line' id='line_1_19' title="bbox 478 2049 1343 2150; baseline 0.003 -24"><span class='ocrx_word' id='word_1_109' title='bbox 478 2051 734 2143; x_wconf 84' lang='lat' dir='ltr'>Jerosolinnn,</span> <span class='ocrx_word' id='word_1_110' title='bbox 761 2049 855 2148; x_wconf 85' lang='lat' dir='ltr'>cujus</span> <span class='ocrx_word' id='word_1_111' title='bbox 876 2050 1004 2124; x_wconf 73' lang='lat' dir='ltr'>nudior.</span> <span class='ocrx_word' id='word_1_112' title='bbox 1019 2051 1126 2127; x_wconf 78' lang='lat' dir='ltr'>adhuc</span> <span class='ocrx_word' id='word_1_113' title='bbox 1143 2050 1343 2150; x_wconf 81' lang='lat' dir='ltr'>ignoratur.</span> 
     </span>
     <span class='ocr_line' id='line_1_20' title="bbox 479 2151 1342 2230; baseline 0 -3"><span class='ocrx_word' id='word_1_114' title='bbox 479 2154 702 2230; x_wconf 85' lang='lat' dir='ltr'>Recentiores</span> <span class='ocrx_word' id='word_1_115' title='bbox 727 2153 762 2226; x_wconf 90' lang='lat' dir='ltr'>in</span> <span class='ocrx_word' id='word_1_116' title='bbox 785 2152 939 2225; x_wconf 86' lang='lat' dir='ltr'>locorum</span> <span class='ocrx_word' id='word_1_117' title='bbox 973 2151 1136 2228; x_wconf 88' lang='lat' dir='ltr'>horumce</span> <span class='ocrx_word' id='word_1_118' title='bbox 1172 2151 1342 2227; x_wconf 80' lang='lat' dir='ltr'>distantiis</span> 
     </span>
     <span class='ocr_line' id='line_1_21' title="bbox 477 2249 1342 2352; baseline 0.005 -26"><span class='ocrx_word' id='word_1_119' title='bbox 477 2253 569 2352; x_wconf 90' lang='lat' dir='ltr'>sequi</span> <span class='ocrx_word' id='word_1_120' title='bbox 608 2254 789 2330; x_wconf 82' lang='lat' dir='ltr'>uoluerunt</span> <span class='ocrx_word' id='word_1_121' title='bbox 823 2249 1012 2352; x_wconf 77' lang='lat' dir='ltr'>antiquos,</span> <span class='ocrx_word' id='word_1_122' title='bbox 1046 2279 1080 2327; x_wconf 84' lang='lat' dir='ltr'>nt</span> <span class='ocrx_word' id='word_1_123' title='bbox 1116 2252 1151 2324; x_wconf 94' lang='lat' dir='ltr'>in</span> <span class='ocrx_word' id='word_1_124' title='bbox 1187 2277 1342 2330; x_wconf 85' lang='lat' dir='ltr'>errorent</span> 
     </span>
     <span class='ocr_line' id='line_1_22' title="bbox 477 2351 1344 2443; baseline 0.005 -17"><span class='ocrx_word' id='word_1_125' title='bbox 477 2356 622 2428; x_wconf 77' lang='lat' dir='ltr'>alterurn</span> <span class='ocrx_word' id='word_1_126' title='bbox 651 2354 870 2428; x_wconf 88' lang='lat' dir='ltr'>inciderunt.</span> <span class='ocrx_word' id='word_1_127' title='bbox 909 2355 1002 2428; x_wconf 88' lang='lat' dir='ltr'>Natn</span> <span class='ocrx_word' id='word_1_128' title='bbox 1040 2355 1069 2443; x_wconf 69' lang='lat' dir='ltr'>n}</span> <span class='ocrx_word' id='word_1_129' title='bbox 1095 2351 1261 2428; x_wconf 72' lang='lat' dir='ltr'>distantiis</span> <span class='ocrx_word' id='word_1_130' title='bbox 1288 2355 1344 2430; x_wconf 90' lang='lat' dir='ltr'>hi·</span> 
     </span>
     <span class='ocr_line' id='line_1_23' title="bbox 477 2449 1344 2555; baseline 0.009 -31"><span class='ocrx_word' id='word_1_131' title='bbox 477 2449 560 2538; x_wconf 79' lang='lat' dir='ltr'>sce,</span> <span class='ocrx_word' id='word_1_132' title='bbox 595 2452 743 2527; x_wconf 80' lang='lat' dir='ltr'>Urbium</span> <span class='ocrx_word' id='word_1_133' title='bbox 771 2453 999 2555; x_wconf 83' lang='lat' dir='ltr'>longitudines</span> <span class='ocrx_word' id='word_1_134' title='bbox 1026 2453 1215 2528; x_wconf 82' lang='lat' dir='ltr'>derivantes</span> <span class='ocrx_word' id='word_1_135' title='bbox 1245 2456 1344 2553; x_wconf 79' lang='lat' dir='ltr'>juxto</span> 
     </span>
     <span class='ocr_line' id='line_1_24' title="bbox 478 2549 1344 2656; baseline 0.009 -32"><span class='ocrx_word' id='word_1_136' title='bbox 478 2549 595 2627; x_wconf 77' lang='lat' dir='ltr'>falsam</span> <span class='ocrx_word' id='word_1_137' title='bbox 624 2553 733 2627; x_wconf 79' lang='lat' dir='ltr'>ideam</span> <span class='ocrx_word' id='word_1_138' title='bbox 760 2553 986 2630; x_wconf 82' lang='lat' dir='ltr'>mensurarum</span> <span class='ocrx_word' id='word_1_139' title='bbox 1013 2577 1201 2643; x_wconf 85' lang='lat' dir='ltr'>veretum,</span> <span class='ocrx_word' id='word_1_140' title='bbox 1233 2583 1344 2656; x_wconf 84' lang='lat' dir='ltr'>quom</span> 
     </span>
     <span class='ocr_line' id='line_1_25' title="bbox 477 2653 1427 2755; baseline 0.005 -29"><span class='ocrx_word' id='word_1_141' title='bbox 477 2675 592 2726; x_wconf 88' lang='lat' dir='ltr'>mente</span> <span class='ocrx_word' id='word_1_142' title='bbox 619 2678 845 2755; x_wconf 74' lang='lat' dir='ltr'>conceperunt</span> <span class='ocrx_word' id='word_1_143' title='bbox 864 2707 875 2745; x_wconf 83' lang='lat'><strong>,</strong></span> <span class='ocrx_word' id='word_1_144' title='bbox 897 2655 1124 2731; x_wconf 71' lang='lat' dir='ltr'>extensionem</span> <span class='ocrx_word' id='word_1_145' title='bbox 1149 2653 1297 2731; x_wconf 82' lang='lat' dir='ltr'>nimiam</span> <span class='ocrx_word' id='word_1_146' title='bbox 1328 2719 1343 2754; x_wconf 87' lang='lat'>‚</span> <span class='ocrx_word' id='word_1_147' title='bbox 1426 2745 1427 2754; x_wconf 8' lang='grc' dir='ltr'>ἵ</span> 
     </span>
     <span class='ocr_line' id='line_1_26' title="bbox 476 2750 1345 2858; baseline 0.012 -34"><span class='ocrx_word' id='word_1_148' title='bbox 476 2750 626 2852; x_wconf 72' lang='lat' dir='ltr'>respedlu</span> <span class='ocrx_word' id='word_1_149' title='bbox 653 2757 767 2834; x_wconf 77' lang='lat' dir='ltr'>Terror</span> <span class='ocrx_word' id='word_1_150' title='bbox 790 2756 975 2848; x_wconf 82' lang='lat' dir='ltr'>ambitus,</span> <span class='ocrx_word' id='word_1_151' title='bbox 1011 2753 1138 2858; x_wconf 77' lang='lat' dir='ltr'>regioni</span> <span class='ocrx_word' id='word_1_152' title='bbox 1166 2753 1246 2830; x_wconf 86' lang='lat' dir='ltr'>huic</span> <span class='ocrx_word' id='word_1_153' title='bbox 1275 2758 1345 2834; x_wconf 86' lang='lat' dir='ltr'>tri-</span> 
     </span>
     <span class='ocr_line' id='line_1_27' title="bbox 478 2853 1348 2957; baseline 0.007 -29"><span class='ocrx_word' id='word_1_154' title='bbox 478 2853 655 2946; x_wconf 77' lang='lat' dir='ltr'>buerunt,</span> <span class='ocrx_word' id='word_1_155' title='bbox 690 2860 771 2932; x_wconf 87' lang='lat' dir='ltr'>dum</span> <span class='ocrx_word' id='word_1_156' title='bbox 799 2858 941 2933; x_wconf 81' lang='lat' dir='ltr'>Niciam</span> <span class='ocrx_word' id='word_1_157' title='bbox 966 2857 1054 2934; x_wconf 87' lang='lat' dir='ltr'>inter</span> <span class='ocrx_word' id='word_1_158' title='bbox 1080 2883 1181 2957; x_wconf 87' lang='lat' dir='ltr'>stque</span> <span class='ocrx_word' id='word_1_159' title='bbox 1221 2859 1348 2934; x_wconf 87' lang='lat' dir='ltr'>Bono·</span> 
     </span>
     <span class='ocr_line' id='line_1_28' title="bbox 479 2957 1348 3062; baseline 0.001 -31"><span class='ocrx_word' id='word_1_160' title='bbox 479 2957 573 3031; x_wconf 79' lang='lat' dir='ltr'>niam</span> <span class='ocrx_word' id='word_1_161' title='bbox 609 2967 655 3050; x_wconf 73' lang='grc' dir='ltr'>ς’.</span> <span class='ocrx_word' id='word_1_162' title='bbox 694 2960 750 3053; x_wconf 81' lang='lat'>25&#39;</span> <span class='ocrx_word' id='word_1_163' title='bbox 775 2957 1002 3036; x_wconf 82' lang='lat' dir='ltr'>differentiam</span> <span class='ocrx_word' id='word_1_164' title='bbox 1028 2957 1250 3062; x_wconf 83' lang='lat' dir='ltr'>longitudinis</span> <span class='ocrx_word' id='word_1_165' title='bbox 1278 2986 1348 3058; x_wconf 84' lang='lat' dir='ltr'>po-</span> 
     </span>
     <span class='ocr_line' id='line_1_29' title="bbox 473 3055 1347 3160; baseline 0.007 -28"><span class='ocrx_word' id='word_1_166' title='bbox 473 3055 615 3134; x_wconf 56' lang='lat' dir='ltr'>&#39;suetunt</span> <span class='ocrx_word' id='word_1_167' title='bbox 634 3087 647 3160; x_wconf 79' lang='lat'>3</span> <span class='ocrx_word' id='word_1_168' title='bbox 667 3085 789 3160; x_wconf 67' lang='lat' dir='ltr'>«quurn</span> <span class='ocrx_word' id='word_1_169' title='bbox 826 3081 870 3132; x_wconf 81' lang='lat' dir='ltr'>ex</span> <span class='ocrx_word' id='word_1_170' title='bbox 905 3059 1197 3137; x_wconf 83' lang='lat' dir='ltr'>observationibus</span> <span class='ocrx_word' id='word_1_171' title='bbox 1223 3059 1263 3142; x_wconf 82' lang='lat' dir='ltr'>stt</span> <span class='ocrx_word' id='word_1_172' title='bbox 1287 3071 1347 3156; x_wconf 78' lang='lat'>4⁰.</span> 
     </span>
     <span class='ocr_line' id='line_1_30' title="bbox 484 3157 1346 3261; baseline 0.009 -31"><span class='ocrx_word' id='word_1_173' title='bbox 484 3163 557 3254; x_wconf 67' lang='grc' dir='ltr'>ις’,</span> <span class='ocrx_word' id='word_1_174' title='bbox 580 3161 701 3261; x_wconf 81' lang='lat' dir='ltr'>quiusa</span> <span class='ocrx_word' id='word_1_175' title='bbox 723 3157 851 3232; x_wconf 88' lang='lat' dir='ltr'>scilicet</span> <span class='ocrx_word' id='word_1_176' title='bbox 879 3181 973 3259; x_wconf 81' lang='lat' dir='ltr'>parte</span> <span class='ocrx_word' id='word_1_177' title='bbox 998 3161 1231 3238; x_wconf 82' lang='lat' dir='ltr'>differentiam</span> <span class='ocrx_word' id='word_1_178' title='bbox 1253 3161 1346 3238; x_wconf 87' lang='lat' dir='ltr'>hanc</span> 
     </span>
     <span class='ocr_line' id='line_1_31' title="bbox 478 3255 1348 3357; baseline 0.005 -27"><span class='ocrx_word' id='word_1_179' title='bbox 478 3255 703 3357; x_wconf 81' lang='lat' dir='ltr'>longitudinis</span> <span class='ocrx_word' id='word_1_180' title='bbox 729 3257 962 3349; x_wconf 80' lang='lat' dir='ltr'>adauxerunt,</span> <span class='ocrx_word' id='word_1_181' title='bbox 989 3285 1026 3336; x_wconf 87' lang='lat' dir='ltr'>ut</span> <span class='ocrx_word' id='word_1_182' title='bbox 1050 3289 1169 3338; x_wconf 82' lang='lat' dir='ltr'>revers</span> <span class='ocrx_word' id='word_1_183' title='bbox 1192 3262 1348 3337; x_wconf 81' lang='lat' dir='ltr'>accidere</span> 
     </span>
    </p>
   </div>
   <div class='ocr_carea' id='block_1_2' title="bbox 476 3358 1347 3566">
    <p class='ocr_par' dir='ltr' id='par_1_3' title="bbox 476 3358 1347 3566">
     <span class='ocr_line' id='line_1_32' title="bbox 476 3358 1347 3496; baseline 0.002 -64"><span class='ocrx_word' id='word_1_184' title='bbox 476 3361 664 3456; x_wconf 76' lang='lat' dir='ltr'>oportuit,</span> <span class='ocrx_word' id='word_1_185' title='bbox 699 3383 805 3460; x_wconf 85' lang='lat' dir='ltr'>quum</span> <span class='ocrx_word' id='word_1_186' title='bbox 840 3358 987 3440; x_wconf 80' lang='lat' dir='ltr'>milliare</span> <span class='ocrx_word' id='word_1_187' title='bbox 1015 3363 1212 3496; x_wconf 58' lang='lat' dir='ltr'>Romanurn</span> <span class='ocrx_word' id='word_1_188' title='bbox 1238 3381 1347 3466; x_wconf 74' lang='lat' dir='ltr'>vetus</span> 
     </span>
     <span class='ocr_line' id='line_1_33' title="bbox 1161 3479 1285 3566; baseline -0.016 -35"><span class='ocrx_word' id='word_1_189' title='bbox 1161 3487 1199 3566; x_wconf 57' lang='lat'>&#39;³3-</span> <span class='ocrx_word' id='word_1_190' title='bbox 1222 3479 1285 3530; x_wconf 76' lang='lat' dir='ltr'>nll-</span> 
     </span>
    </p>
   </div>
   <div class='ocr_carea' id='block_1_3' title="bbox 0 0 1467 4314">
    <p class='ocr_par' dir='ltr' id='par_1_4' title="bbox 0 0 1467 4314">
     <span class='ocr_line' id='line_1_34' title="bbox 0 0 1467 4314; baseline 0 0"><span class='ocrx_word' id='word_1_191' title='bbox 0 0 1467 4314; x_wconf 95' lang='lat' dir='ltr'> </span> 
     </span>
    </p>
   </div>
  </div>
 </body>
</html>
