2910 5404
258 229 479 302 PHYSICAE
503 227 876 302 Mlerlc-ULARIS
909 253 982 326 203
1036 251 1047 290 t

203 329 376 409 Planeras
415 324 566 425 quinque
599 322 748 403 minores
788 325 945 402 tribuunt
980 334 1031 406 A.

153 427 332 505 stronomi
360 425 402 498 in
429 424 541 500 eltlses
568 425 649 500 dues
673 481 683 512 ,
710 451 852 523 quarum
880 427 1028 525 primam

151 525 358 626 superiores
386 549 501 599 tenent
529 528 648 611 Mars,
675 525 829 624 Jupiter,
853 555 952 628 atque
971 533 1031 604 Sa.

150 653 278 702 turnus
290 659 314 722 ‚·
341 625 486 700 alteram
514 623 721 714 inferiores,
761 627 879 702 Venus
900 627 1029 704 seilicet

150 753 261 828 atque
306 725 507 801 Mercurius
536 779 546 803 .
596 727 710 804 Modo
743 727 786 800 de
821 727 1029 827 superiorum

154 827 431 930 phaenomenit,
466 851 654 928 eorumque
678 827 905 927 explicatione
922 828 1030 910 dicere

152 927 406 1032 aggredimur.
775 985 778 998 .

210 1057 245 1110 ι.
275 1027 475 1126 Superiores
499 1028 648 1107 Planettr
674 1055 694 1103 a
721 1028 834 1104 Stellis
861 1029 1033 1128 reliquit,

153 1155 237 1208 tunt
263 1128 370 1220 fixis,
393 1154 469 1204 tunt
496 1128 688 1204 errantibus
714 1154 784 1202 non
807 1155 892 1229 egre
914 1129 1035 1208 discer-

154 1231 193 1307 ni
223 1231 398 1332 pollunt.
437 1229 543 1321 Quod
567 1229 664 1307 eninr
700 1231 742 1304 ad
771 1255 932 1322 ‚errantes
959 1234 1036 1310 atti.

152 1356 217 1414 tter
242 1389 254 1424 ,
284 1333 435 1428 majores
461 1330 652 1421 videntur,
676 1355 778 1430 qutm
806 1332 997 1412 Mercurius
1024 1390 1036 1424 ,

154 1433 316 1514 minores
342 1455 478 1523 autern,
499 1456 604 1533 quatu
632 1435 690 1508 Sol
713 1435 814 1508 Luna
837 1435 872 1508 δι
898 1438 1034 1512 Venus.

154 1534 300 1631 Jupiter
328 1559 440 1608 nutem
464 1535 581 1612 Morte
607 1534 643 1610 re
669 1535 817 1610 Saturno
842 1534 952 1627 maior
974 1561 1032 1632 up·

151 1637 253 1730 pare't
283 1634 320 1704 Se
347 1628 572 1728 splendidior,
599 1631 695 1704 Mars
723 1628 845 1702 rubore
871 1631 1031 1730 perfusus,

155 1728 376 1829 pallidusqne
404 1733 588 1808 Saturnus.

212 1847 253 1902 2.
285 1833 319 1908 A
348 1826 426 1906 lixis
449 1851 534 1901 vero
556 1825 672 1905 Stellin
696 1823 928 1903 discernuntur
951 1829 1035 1908 Ple.

156 1949 250 2004 uetae
278 1927 495 2026 superiores,
527 1925 607 2025 quit
633 1950 751 2028 preter
772 1926 931 2004 diurnum
958 1956 1037 2008 mo.

158 2054 269 2118 turn,
294 2028 370 2128 ipfis
391 2085 401 2120 ,
425 2025 565 2128 fixisque
592 2055 815 2108 communem
841 2079 855 2115 ,
880 2029 1037 2125 ,Planetae

161 2129 227 2230 ipsr
256 2129 443 2230 superiores
468 2131 510 2202 nb
534 2129 654 2208 occasu
691 2129 730 2206 in
766 2154 882 2206 ortum
908 2126 969 2206 sub
994 2130 1037 2208 fi·

162 2233 221 2310 xis
251 2258 445 2310 commeare
470 2229 630 2307 videntur
657 2229 692 2304 in
719 2228 877 2320 circulis,
900 2230 961 2330 qui
988 2235 1035 2309 E·

163 2331 347 2434 eliptieeru
372 2331 484 2409 serant
514 2330 550 2405 in
575 2330 709 2428 puullis
732 2328 788 2407 seu
816 2330 916 2404 nodis
948 2325 1034 2408 'duo-

75 2518 84 2530 „
166 2436 233 2512 bus
256 2431 317 2514 fibi
347 2433 495 2514 invitent
513 2459 532 2510 e
551 2433 721 2509 diametro
740 2429 922 2533 oppofiris.
946 2436 1035 2508 Sunt

168 2561 286 2616 autem
312 2531 517 2616 eirrulorurn
554 2531 745 2631 hujusmodi
791 2531 1034 2612 inclinationes

170 2636 214 2710 ad
236 2635 444 2736 Eeliptieanr
472 2633 607 2709 variae.
636 2633 828 2712 Inclinrtur
853 2632 949 2711 euim
975 2661 1035 2712 ot·

169 2734 245 2817 bite
484 2811 488 2820 .

170 2836 300 2920 Martis
321 2879 368 2904 -·.
392 2879 440 2899 --
464 2878 513 2904 a·
538 2874 585 2904 -.·-
610 2875 660 2892 -·
686 2877 733 2898 -··
758 2877 806 2896 ·-
854 2845 901 2913 1⁰.
929 2845 989 2932 50⁹

170 2936 268 3022 lovis
295 2976 818 3002 -------
855 2945 903 3011 ι’.
930 2935 989 3011 20‘

173 3030 310 3118 siturus
334 3078 383 3106 -·.
407 3075 454 3098 ν·-
476 3063 524 3094 ··’·-·
544 3079 592 3098 -·
615 3077 664 3102 -v
687 3079 735 3094 *-
768 3075 817 3094 ···
853 3043 900 3111 2⁰.
931 3027 988 3130 31,

130 3199 135 3217 ,
227 3157 262 3232 3.
290 3133 403 3212 Modo
428 3154 544 3210 temen
568 3135 753 3235 progredi,
781 3134 886 3214 tundo
913 3131 995 3208 sltre
1026 3188 1038 3225 ,

14 3291 19 3308 .
175 3234 279 3320 modo
302 3230 430 3331 regredi
458 3231 634 3312 videntur.

224 3363 263 3436 4.
290 3338 324 3416 A
353 3331 464 3411 medie
489 3358 603 3412 nutent
630 3358 725 3434 parte
751 3331 912 3433 regressus
935 3331 1034 3507 ulpius

943 3461 960 3508 2
