2868 5430
225 201 437 284 PHYSICAE‘
463 210 835 286 PARTICULARIS'
861 213 883 314 3'
910 231 937 311 7

130 309 269 415 eliplens
295 307 389 384 usum
415 311 632 386 Allronomie
656 312 834 386 adimere.
862 315 987 389 Prode.)

130 439 178 490 rat
213 411 289 509 ipsis
323 408 481 484 nonnihil
516 410 698 514 quuando
728 415 831 516 nubes¹
854 440 987 512 perum.

132 541 189 614 per
213 507 484 599 evanescerent,
517 534 695 586 momenta
728 515 892 610 temporie
927 518 990 590 ob,

133 614 262 688 servare
296 608 453 711 ,quibus
480 611 549 685 hae
577 611 634 686 vel
661 611 720 687 ille
746 615 852 686 Lunu
876 641 991 690 muru·

131 717 165 789 ln
201 713 238 788 in
272 715 388 788 Terrae
424 714 580 786 umbram
614 711 906 812 immergeretur,
935 715 992 791 vel

134 817 175 890 nb
201 815 322 890 umbre
366 814 482 886 eedem
521 811 745 914 emergeret.
782 813 845 886 Sed
872 837 993 914 opten-

134 915 213 990 dum
241 914 350 989 adhuc
375 915 528 988 maxime
562 937 633 988 ernt
671 914 921 1004 Astronomis‚
957 938 994 988 ut

140 1017 286 1090 Planerae
308 1011 368 1087 alii
393 1015 651 1114 detegerentur,
673 1039 820 1116 quorum
847 1013 995 1114 Eclipsts

133 1118 251 1192 erebro
274 1114 534 1216 contingerent,
561 1117 596 1192 δε
623 1114 736 1192 oeulis
758 1141 981 1214 apparerent.
1002 1131 1007 1144 ’

85 1211 95 1226 ⁸
184 1217 290 1312 Quod
318 1215 379 1292 vix
405 1215 532 1314 sperare
557 1216 728 1291 audebant
764 1215 993 1308 Allienomi,

133 1317 170 1393 id
195 1315 301 1416 ¹felici
326 1316 458 1417 prorsus
491 1317 718 1412 Astronnmire
756 1317 830 1394 faro
856 1341 995 1418 mugnus

137 1418 293 1494 Galileus
319 1421 430 1494 noller
458 1417 615 1518 perfecit.
643 1419 807 1510 Quatuor
835 1418 997 1492 videlicet

134 1516 341 1616 Telescopio
380 1517 441 1594 [uo
474 1518 605 1594 detexit
643 1519 803 1592 Medicea
840 1516 953 1610 sydera
987 1571 999 1608 ,

137 1618 236 1712 louis
260 1643 382 1716 nempe
409 1615 570 1690 satellites
596 1671 607 1706 ,
629 1643 774 1715 quorum
804 1615 941 1713 Ecliplis
963 1647 998 1691 a·

137 1719 232 1817 lique
264 1715 406 1816 [ungulis
439 1713 509 1788 fere
545 1714 665 1789 diebus
712 1713 926 1811 spellendem
965 1715 998 1800 se

137 1819 295 1992 prrlrbetdi
329 1815 584 1933 maximumque
606 1814 683 1892 ideo
710 1813 918 1914 Geogrnplris
943 1839 993 1890 at.

140 1942 179 1993 tu
195 1942 222 1991 rt
244 1943 262 1988 a
285 1941 498 2015 jumentum.
860 1973 865 1982 .

199 2016 443 2116 Ephemerides
480 2015 583 2093 etiem
626 2015 791 2118 Eclipseur
823 2017 941 2093 harum
977 2043 998 2094 e

137 2116 278 2196 Galileo
307 2117 455 2216 primum
481 2143 649 2210 tentetre,
685 2140 716 2200 el
741 2117 888 2194 Callino·
907 2115 998 2192 dein·

139 2246 217 2322 ceps
242 2219 396 2320 petierim
423 2221 528 2310 lunt,
559 2217 736 2321 praesertim
764 2218 876 2294 intimi
904 2217 999 2293 strel-

139 2321 236 2410 litis,
263 2320 305 2396 nd
330 2319 608 2396 observantium
637 2321 754 2420 utique
782 2318 996 2410 Parisrense,

139 2447 214 2522 qure
239 2422 294 2496 uel
319 2419 407 2496 nihil
433 2478 444 2516 ‚
483 2425 539 2497 vel
566 2420 750 2497 minimum
777 2421 916 2524 quidem
939 2422 998 2494 eb·

139 2545 302 2599 errante
324 2547 442 2615 vero,
477 2549 622 2625 quarum
659 2549 724 2623 ope
762 2522 861 2598 facile
887 2522 998 2599 ,liceat

140 2623 351 2700 observaturi
379 2624 522 2716 cuivis,
560 2621 816 2731 longitudinum
842 2621 996 2698 differen-

142 2725 228 2802 tiam
256 2725 398 2802 Perisrns
425 2726 533 2816 inter,
558 2729 764 2816 deletum,
798 2752 817 2798 e
842 2751 912 2826 quo
934 2720 1001 2822 ipse

141 2823 305 2923 Eeliplim
330 2825 484 2901 observat
506 2881 518 2917 ,
544 2825 704 2900 invenire
730 2858 752 2921 ,·
777 2825 881 2900 etiem
910 2849 1003 2898 ente·

144 2951 249 3024 quam
276 2926 423 3022 ejusdem
449 2926 623 3022 Eclipseos
646 2925 918 3004 observationem
939 2926 1001 2992 Pn-

145 3021 229 3096 riiiie
255 3022 427 3114 habitem,
453 3023 651 3122 descriptam
679 3027 794 3101 videre
817 3019 938 3122 poffie.

199 3123 325 3220 Neque
361 3147 444 3196 vero
479 3148 573 3197 error
611 3125 783 3202 timendus
819 3127 880 3196 hnc
904 3120 939 3192 in
964 3145 1000 3194 re

146 3221 193 3298 est
219 3247 310 3313 uno,
336 3223 487 3298 alterove
509 3221 643 3300 minuto
663 3228 799 3323 major.
826 3229 876 3296 At
897 3223 1002 3322 quod·

147 3343 229 3404 nem
254 3321 364 3424 queso
375 3323 461 3400 Celi
482 3325 723 3426 phrennmennn
749 3325 826 3412 ell,
851 3321 887 3396 in
902 3317 1001 3496 liii&
