2886 5318
516 245 587 350 398
707 247 974 330 ‚CAPUT
1022 247 1080 318 Π.

469 377 531 452 per
553 345 714 439 arimini,
740 346 865 446 impuri
893 346 1081 438 Mercurii,
1104 348 1139 419 δι
1160 347 1336 426 Antimo·

469 481 517 526 nu
556 477 656 525 terras
687 499 698 536 ,
739 452 775 524 δι
809 471 928 524 enrurn
962 473 1173 522 venenorum
1217 449 1337 526 fumos

466 547 638 628 hauriann'
665 554 793 626 Fumus
815 547 909 624 enirn
928 545 1067 624 arsenici
1095 547 1257 625 niventia
1278 577 1337 626 ne·

467 673 543 728 eat·

516 751 625 830 Causa
653 752 739 827 irem
765 749 918 840 coloris,
955 753 990 824 δι
1028 746 1100 824 lallr
1138 749 1276 848 saporis
1303 779 1339 826 a·

467 875 611 951 quarum
645 849 803 951 provenit
834 877 852 926 a
887 850 1048 926 coloratis
1079 905 1089 940 ,
1134 851 1195 925 uel
1243 852 1338 928 salus

466 953 588 1044 terris,
616 975 673 1051 per
695 979 777 1052 quas
801 975 893 1051 aquae
919 953 983 1025 illae
1011 949 1208 1028 transeunt.

515 1052 677 1135 Fontium
716 1049 956 1124 ebullientium
990 1052 1084 1126 enula
1117 1051 1164 1124 est
1190 1051 1336 1150 spiritus

464 1148 588 1253 partim
616 1149 833 1249 sulphureus,
857 1150 983 1248 purtim
1007 1150 1172 1226 nitrosus.
1202 1152 1241 1226 si
1271 1154 1338 1229 lul·

463 1249 606 1349 pluteus
633 1307 645 1343 ‚
681 1277 775 1349 nquae
800 1249 874 1324 sunt
901 1250 1018 1324 calidae
1043 1278 1065 1342 ;
1089 1249 1294 1326 fi·nirr0sus
1323 1309 1336 1343 ,

463 1349 539 1426 sunt
564 1348 728 1452 frigidae;
758 1375 865 1449 neque
891 1350 984 1426 enirn
1007 1375 1159 1434 omnes,
1188 1377 1271 1448 quae
1300 1381 1338 1426 e.

464 1449 614 1528 bulliunt
640 1452 752 1528 calidae
780 1449 886 1541 lunt,
917 1449 971 1524 sed
1010 1477 1080 1526 nnn
1106 1474 1219 1548 pauca
1250 1451 1335 1527 sunt

464 1550 620 1666 frigida.
653 1555 736 1656 .ch
767 1553 809 1628 dr
843 1577 879 1627 rr
912 1553 1042 1652 praellnt
1075 1551 1186 1650 legere
1216 1553 1335 1628 Vare-

465 1675 582 1730 nrum.

790 1847 825 1955 ᾖ.
877 1853 988 1928 xm.

769 2059 822 2132 Dr
848 2057 1011 2132 Fluviis.

505 2259 678 2336 ¹Oriunrur
703 2253 850 2333 flumina
876 2285 894 2334 u
917 2253 1041 2334 rivulis
1067 2311 1077 2347 ,
1115 2255 1151 2330 in
1176 2277 1267 2353 quon
1294 2282 1330 2331 n·

466 2383 536 2456 qun
562 2360 719 2456 pluuia,
755 2361 811 2432 vel
837 2355 985 2432 fontium
1012 2357 1160 2451 primunr
1187 2357 1350 2460 colligi·-

466 2481 555 2544 rur,
589 2481 732 2555 quorum
761 2457 950 2531 rivulorum
991 2458 1098 2553 plures
1133 2458 1215 2530 dum
1247 2485 1328 2534 corr·

464 2549 595 2645 fluunt,
617 2570 755 2654 parvum
777 2552 923 2629 fluvium
943 2555 1146 2642 edomant,
1171 2581 1323 2656 quorum

463 2652 612 2750 plurium
650 2651 854 2729 collestione
890 2649 1036 2730 flumina
1076 2681 1199 2758 magna
1223 2661 1324 2734 effor-

462 2775 622 2828 urantur.

509 2857 629 2947 Quum
653 2852 744 2930 enirn
770 2857 927 2957 augendis
959 2855 1107 2934 fontium
1135 2863 1170 2934 &
1195 2849 1319 2930 llurni·

458 2979 539 3030 num
565 2955 681 3055 aquis,
707 2961 850 3056 pluvia,
876 2983 951 3051 ros,
979 2961 1097 3060 pruina
1117 3010 1127 3050 ‚
1149 2957 1316 3057 grando,

459 3055 587 3162 nixque
614 3053 775 3156 praecipue
820 3057 1005 3161 plurimum
1043 3059 1215 3137 conferant
1241 3083 1259 3128 .·
1293 3058 1316 3131 sr

461 3181 610 3234 mercori
636 3161 703 3234 haec
729 3189 832 3260 aquea
860 3161 1037 3252 fontium,
1064 3167 1098 3239 8<
1124 3155 1314 3236 [luminum

460 3258 585 3358 origini
615 3318 626 3355 ‚
662 3259 948 3363 phaenomenisque
983 3263 1121 3360 reliquis
1154 3262 1316 3337 omnibus

458 3360 663 3458 explicandis
702 3361 910 3461 sufficirnr;
942 3389 999 3446 cur
1032 3365 1207 3534 linganrrlrr
1242 3355 1310 3430 exi·

523 3513 528 3524 ·
1189 3481 1258 3533 rurn
