2910 5404
240 298 454 377 Purslcffi
478 299 854 372 aaartcuttaau
878 323 951 398 239

140 402 305 503 prehendi
338 398 480 497 posset,
515 423 555 470 ac
595 423 670 472 eam
707 399 750 470 ab
794 397 1003 476 obseruatio·

145 529 232 576 num
272 497 439 574 erroribus
473 495 626 572 derivare
664 498 892 576 nullomodo
924 500 1004 578 lice·

145 625 220 676 ret.

199 703 385 800 Maurepas
420 695 635 775 scientiarum
669 723 828 791 amator,
870 703 1005 796 cultor,
1072 781 1073 784 ,

145 825 247 904 atque
274 805 465 890 Maecenas,
491 805 526 876 dt
560 799 809 894 scientiarum,
844 803 880 877 dc
907 803 1003 880 navi·
1097 805 1102 816 “

147 902 293 1004 gationis
320 901 505 978 utilitatem
530 900 705 1002 ingentem
732 900 857 980 bacin
884 931 920 978 te
947 929 1005 1002 po·

146 1007 245 1078 stram
275 1002 339 1080 esse
363 1000 528 1103 'cognovit
553 1005 636 1094 ,ἃ
662 1005 708 1078 ob
745 1004 918 1104 publicum
944 1005 1005 1080 hu·

148 1102 293 1203 jusmodi
319 1107 540 1181 commodum
565 1103 599 1180 in
628 1103 665 1180 id
691 1103 844 1182 'animum
868 1131 1008 1207 quoque

146 1204 318 1282 conuertit
346 1204 400 1280 vir
427 1205 575 1282 summus
611 1203 805 1282 Cardinalis
831 1208 871 1282 de
910 1207 1008 1282 Fleu-

148 1331 222 1400 ιγ,
260 1305 419 1410 quamvis
451 1307 581 1383 bellicis
610 1309 707 1383 rebus
746 1335 829 1384 tunc
854 1307 1006 1386 maxime

147 1407 413 1484 distraheretur.
454 1409 533 1486 Viri
571 1407 607 1482 hi
649 1407 837 1510 graviffimi
881 1409 1005 1486 Gallia
1038 1483 1043 1495 ,
1162 1465 1164 1472 ·

149 1509 238 1609 Regi
262 1505 445 1586 Ludovieo
475 1515 556 1585 XV.
581 1509 736 1585 nudiores
759 1507 930 1599 suerunt,
969 1533 1006 1584 ut

149 1608 348 1684 Academia
386 1607 504 1706 Regia
530 1609 758 1689 scientiarum
796 1610 1006 1708 imperaret,

144 1735 188 1783 ut
225 1707 345 1804 Regiis
382 1705 568 1803 sumptibus
593 1731 631 1780 ea
657 1706 773 1779 omnia
806 1733 1008 1802 exequeren-

149 1829 206 1880 tur
228 1805 400 1904 ,1quibus
427 1805 618 1878 mensuram
645 1807 810 1903 graduum
851 1807 967 1882 Terrae
991 1831 1012 1880 a

152 1905 186 1980 se
213 1902 362 1978 invicem
389 1901 689 1978 remotissimorum
717 1901 750 1976 se
771 1902 893 2004 assequi
921 1905 1009 2006 posse

152 2001 430 2080 arbitrarentur.
473 2007 576 2080 Tunc
622 2003 911 2080 Academicorum
949 2000 1012 2082 allii

153 2103 296 2209 prosesli
327 2104 425 2198 sunt,
452 2131 491 2182 ut
515 2104 662 2204 primunt
691 2105 893 2180 metirentur
932 2109 1009 2184 Me·

153 2205 300 2298 ridiani,
327 2207 382 2281 seu
407 2205 599 2290 latitudinis
624 2206 761 2306 gradum
788 2231 802 2306 3
839 2204 902 2280 alii
925 2233 1008 2282 veto

153 2311 194 2386 ad
215 2309 371 2383 Polarem
385 2306 565 2408 Arblicum
587 2307 749 2382 circulum
763 2331 1008 2406 pervenerunt,

154 2434 192 2486 ut
230 2409 372 2509 gradum
412 2407 685 2498 dimetiantur,
724 2433 891 2508 quantum
931 2409 1010 2486 ficri

153 2510 276 2613 posset,
304 2509 456 2586 maxime
479 2509 690 2586 Buretlem.

205 2618 312 2688 Anno
341 2613 450 2709 1736.
478 2608 591 2687 mense
614 2606 807 2688 Novembri
830 2608 866 2684 in
887 2637 1009 2712 magna

154 2713 346 2815 Jaraqoenli
373 2711 517 2814 planitie
541 2715 555 2810 (
575 2709 723 2786 obelisco
742 2713 782 2788 td
803 2711 851 2786 rei
878 2739 1009 2790 memo·

154 2816 240 2890 riam
265 2815 408 2911 trebio)
435 2811 686 2889 Coodaminius
708 2816 743 2888 dt
763 2811 845 2890 socii
870 2816 1009 2916 gradum

156 2919 381 3014 AEquarorem
407 2914 659 2992 intersecantem
688 2915 870 2991 statuerunt
911 2917 1010 2991 hext·

159 3017 318 3112 pedanum
344 3016 489 3112 56767,
524 3015 717 3117 Eougutius
742 3042 853 3092 autem
876 3017 1011 3112 56773.

209 3115 283 3206 Qui
308 3115 375 3189 itet
400 3115 595 3192 direxerunt
615 3117 657 3192 ad
684 3117 828 3192 Boream
857 3119 1014 3209 Mauoer·

160 3211 296 3304 tuisne,
323 3213 498 3304 Claitaut,
521 3214 922 3306 Cantue,Monnierius,
941 3217 1015 3288 Ou-

164 3313 462 3404 thierius,Cellius
478 3314 704 3394 astronomia
725 3313 889 3390 Professor
908 3315 955 3411 (a
977 3322 1017 3388 U·

157 3420 234 3516 psas
255 3417 270 3516 l
293 3417 331 3494 io
358 3416 509 3494 Galliam
537 3417 675 3499 reduces
700 3443 771 3516 quae
802 3413 1016 3531 observarant

849 3541 968 3592 omma
