2876 4304
534 262 614 337 494
722 235 982 310 CAPUT
1030 229 1122 308 ΙΙΙ.

488 337 559 442 git,
585 334 725 412 &tubo
748 332 944 435 respondet,
972 330 1107 408 sustinet
1129 333 1280 433 pondus
1313 364 1384 414 to·

491 447 613 516 lumnae
639 463 750 537 aquen
773 435 809 510 in
833 437 918 512 tubo
940 455 1130 526 tnntrntae,
1157 437 1196 509 &
1216 439 1270 512 ad
1293 439 1384 516 fun.

492 541 575 616 dum
611 538 716 638 usque
753 536 990 647 continuato..
1027 539 1106 610 Hac
1142 535 1179 620 ui
1208 537 1376 618 fundunt

489 641 643 738 premit,
666 665 704 714 ut
729 640 764 712 &
791 663 908 736 aqutm
937 634 1116 726 vicinam,
1148 664 1226 738 quae
1253 669 1376 740 quum

359 755 362 764 “
492 743 630 822 effluere
657 753 725 816 n'on
753 738 887 838 possit,
920 735 1161 832 infundunt,
1199 745 1237 815 δι
1269 745 1311 819 in
1344 775 1377 821 a·

492 871 597 942 quam
625 841 775 918 vicinum
800 841 860 916 hac
896 840 1012 915 eadem
1039 837 1075 912 vi
1111 839 1229 940 agit;
1270 849 1372 944 quod

493 947 528 1020 δε
555 945 596 1018 de
624 969 710 1041 aqua
741 941 821 1016 huic
847 939 962 1016 vicina
988 939 1052 1014 dici
1076 941 1213 1038 potest.
1240 945 1380 1036 Quare„

493 1043 530 1116 in
552 1041 713 1118 omnibus
740 1039 833 1116 fundi
862 1038 999 1142 putiolis
1032 1041 1131 1118 datur
1167 1044 1292 1141 prellto
1316 1074 1363 1120 ε·

491 1142 602 1244 qualis
626 1140 781 1243 pttffioni
808 1141 843 1218 in
870 1145 972 1230 loeo,
999 1140 1033 1216 in
1071 1169 1175 1240 quent
1202 1172 1295 1245 aqua
1320 1149 1359 1222 in

493 1245 577 1318 tubo
606 1243 709 1344 polita
738 1243 807 1342 agit
822 1275 843 1335 ;
867 1245 902 1318 &
930 1241 1008 1318 ideo
1034 1241 1154 1318 fundus
1187 1244 1248 1318 hic
1278 1277 1363 1349 gra-

495 1369 594 1420 tatur
616 1345 736 1420 eodem
768 1345 905 1435 modu,
941 1370 981 1420 ac
1008 1343 1032 1418 st
1067 1373 1155 1446 aquoe
1179 1348 1359 1424 cotutnna

492 1446 639 1544 ejusdem
668 1443 861 1522 altitudinis
885 1471 965 1520 cum
990 1471 1075 1542 aqua
1098 1447 1232 1522 intubo
1255 1505 1270 1538 ‚
1318 1455 1361 1526 &

398 1546 406 1568 '
489 1547 590 1644 cujus
616 1545 697 1624 bafia
729 1547 810 1622 effer
847 1545 916 1644 iple
939 1543 1095 1640 fundus,
1129 1545 1200 1622 huit
1232 1546 1356 1628 fundo

489 1645 746 1747 imponeretur.

542 1750 655 1824 Simili
682 1746 1082 1850 ratiocinininttlligitut
1102 1749 1229 1853 fingula
1249 1780 1351 1854 oper.

488 1851 560 1925 ouli
589 1851 715 1950 patilla
738 1847 863 1924 sursum
892 1851 998 1948 premi
1034 1853 1076 1926 ab
1114 1881 1203 1955 aqua
1226 1881 1267 1930 ta
1293 1856 1352 1946 vi,

486 1977 557 2049 qua
579 1977 684 2050 aqum
710 1977 782 2052 qun
809 1951 846 2024 in
869 1947 1033 2027 toramine
1058 1955 1213 2052 operculi
1233 1957 1350 2046 haret,

491 2078 511 2126 a
539 2050 733 2166 superiori,
769 2075 838 2152 quae
873 2054 993 2130 tubutn
1020 2056 1161 2155 replet,
1197 2057 1349 2136 deorsum

493 2177 693 2252 pretiantur.¹
1083 2211 1086 2218 ,

545 2257 670 2332 Prellio
697 2254 846 2331 lateralis
870 2253 968 2330 facile
1000 2257 1193 2357 explicatur
1234 2289 1290 2362 prr
1315 2291 1345 2340 a·

485 2353 642 2524 plionetn
668 2357 832 2454 aqualem
858 2354 955 2434 fluidi
981 2383 1101 2434 omnes
1142 2387 1254 2462 panes
1280 2389 1348 2442 m.

500 2477 578 2528 ns.¹

541 2556 624 2630 Haec
642 2569 671 2629 'a
697 2557 861 2656 grauitate
887 2558 1070 2638 fluidorum
1096 2567 1281 2664 pendettt3
1316 2572 1349 2644 δι

491 2679 511 2765 a
545 2651 640 2730 fluidi
679 2658 823 2752 pondere
858 2659 1016 2766 distingui
1053 2666 1222 2761 debent,
1261 2673 1351 2772 quod

491 2755 621 2857 {emper
637 2757 822 2858 quantitati
842 2765 990 2844 materia
1007 2769 1260 2870 proportionale
1282 2774 1354 2849 cll.
