2884 5138
316 1966 368 1982 ἱ-

347 371 413 452 viii

258 553 260 558 ,
399 480 446 549 V.
474 475 612 548 Macula
645 493 713 570 qua
741 471 777 543 iu
810 472 884 544 Sale
927 493 1091 548 cernuntur
1129 475 1291 552 adderent
1424 542 1427 549 .

398 581 553 753 Vlloilol
595 672 781 748 revolvitur
825 674 906 747 cirta
951 697 1042 746 anem
1089 679 1179 770 suum
1223 603 1294 752 di?-

446 784 507 853 bus
539 797 598 870 ις.
1242 782 1287 854 81

395 883 432 970 ¹V
436 883 484 954 11.
512 879 645 970 Falsum
672 902 773 950 earum
796 875 987 970 sententiam
1010 873 1066 971 effe
1077 878 1165 947 Salis
1190 903 1293 952 matu.

448 983 486 1052 la
512 978 703 1066 oflendunt,
728 978 787 1075 qui
811 976 973 1065 celestium
1012 998 1170 1072 corporum
1197 998 1295 1049 mate.

448 1081 529 1152 riam
565 1084 712 1178 quintam
752 1081 922 1175 quamdam
959 1076 1117 1172 essentiam
1152 1077 1208 1175 effla
1240 1081 1294 1150 da.

446 1201 516 1258 cent
543 1180 787 1278 ingenerabiltm
814 1180 857 1247 (9·
884 1179 1177 1275 incorruptibilem,
1218 1182 1296 1254 adeo

449 1304 487 1355 ut
514 1283 547 1352 in
576 1285 659 1354 Calo
686 1282 769 1352 nibil
795 1284 834 1352 de
861 1309 941 1352 nova
962 1282 1079 1378 gigni,
1106 1283 1194 1352 nibil
1214 1282 1294 1354 inte·

448 1385 513 1456 rire
536 1384 658 1479 paffit.
683 1384 736 1459 'Id
762 1383 965 1476 confirmatur
990 1409 1028 1452 rte
1054 1409 1087 1454 eo
1114 1385 1196 1478 quod
1218 1383 1294 1468 liel-

448 1485 488 1555 la
522 1512 610 1556 aava
644 1485 729 1556 moda
766 1505 934 1581 tegantur,
978 1483 1065 1554 mado
1090 1505 1291 1584 appareant,

451 1603 489 1658 ut
515 1585 558 1655 Θ
581 1614 621 1658 eae
642 1604 827 1660 cometarum
852 1587 961 1658 caudis
1245 1588 1291 1659 82

398 1686 510 1772 vlu.
537 1691 631 1759 Luna
667 1689 780 1786 aspera.
811 1687 888 1776 est,
926 1689 1103 1775 montibus,
1138 1686 1298 1780 vallibus·
1382 1765 1384 1777 ¹

450 1815 509 1883 que
535 1793 653 1860 donata
1247 1788 1296 1883 87
1354 1850 1357 1855 .
1383 1788 1388 1820 '⁸
1433 1841 1435 1848 -

446 1995 545 2064 Luna
576 2011 709 2088 apparet
741 1991 857 2062 cinereo
895 1992 1026 2091 colare3
1073 1995 1111 2063 ab
1142 1993 1241 2064 lucem
1276 2016 1299 2063 a

448 2097 548 2164 Tarra
573 2094 605 2161 in
633 2099 758 2163 Lunam
786 2092 965 2183 reflexam,
1001 2098 1044 2161 (r
1069 2117 1090 2162 a
1114 2097 1210 2163 Luna
1237 2094 1298 2162 ire·

448 2219 517 2263 rum
538 2192 571 2262 in
595 2197 730 2260 Terram
1248 2212 1295 2287 91

399 2289 444 2362 X.
472 2297 572 2361 Luna
599 2289 754 2354 diameter
779 2288 823 2356 ad
846 2291 949 2357 Terra
982 2287 1172 2360 diametrum
1198 2287 1241 2376 esl
1263 2313 1298 2365 ut

448 2413 506 2461 a:
543 2408 566 2481 7
579 2416 600 2476 ;
632 2385 820 2481 superficies
857 2413 865 2458 :
896 2411 906 2456 ε
938 2410 954 2460 1
983 2412 999 2453 ··
1027 2411 1110 2486 123
1143 2392 1297 2486 soliditas

403 2541 470 2658 Xi.
494 2509 596 2657 ‘Lina'
611 2509 705 2657 eliel
720 2589 925 2685 armaspbara
1246 2493 1297 2690 ἕξ

400 2689 489 2760 XII'.
527 2691 661 2760 Saturni
694 2687 848 2762 diameter
881 2694 928 2764 ad
966 2699 1072 2767 Tetra
1104 2695 1297 2771 diametrum

450 2885 492 2973 all
518 2909 553 2961 ut
577 2811 694 2987 φὶς
730 2913 797 2982 1;
829 2865 875 2965 ad
905 2921 974 2967 eam
1019 2896 1106 2969 Salis
1134 2923 1151 2969 .·
1184 2926 1200 2969 .·
1235 2924 1251 2974 1
1282 2922 1298 2968 ··

451 3113 518 3167 10.
625 3009 646 3081 3
1224 3123 1294 3178 120

399 3191 505 3268 XIII.
522 3192 629 3286 Jeuis
663 3193 816 3269 diameter
848 3200 894 3271 ad
928 3226 994 3274 eam
1017 3204 1161 3279 Telluris
1194 3200 1237 3290 tsl
1258 3224 1294 3274 ut
1424 3301 1425 3310 ἵ

524 3320 541 3370 1

459 3366 586 3472 10...';
617 3421 634 3473 1
665 3420 679 3496 3
704 3401 751 3474 ad
774 3427 842 3477 ean
867 3404 951 3478 Salis
975 3433 992 3478 .·
1017 3433 1033 3482 .·
1060 3433 1076 3484 ι
1108 3433 1118 3484 e
1147 3431 1195 3504 9.
1224 3425 1295 3497 127

526 3509 547 3585 3

1148 3601 1247 3678 XIV.

399 1887 466 1960 lx.
490 1894 584 1962 Ante
620 1891 662 1960 (P
694 1891 765 1987 past
796 1889 1011 1963 Novilunium
1043 1912 1123 1990 pars
1165 1892 1296 1986 obscura
1431 1959 1433 1966 .
