2884 5138
521 262 568 363 m
714 199 1078 326 canort'
1217 267 1223 280 ·

467 366 500 440 sa
526 361 589 449 est,
615 354 742 432 autad
770 352 846 429 fixa
873 353 989 426 lumen
1015 355 1125 451 legere
1150 355 1238 432 haud
1256 357 1332 459 pol-²

467 468 525 558 lis,
551 484 589 536 ut
613 481 707 559 potes
730 456 772 529 ad
799 457 917 530 lumen
947 453 1108 528 Veneris.
1262 521 1266 530 ,
1314 493 1319 502 ·

640 662 693 731 De
719 657 876 730 fixarum
897 653 1152 754 scintillatione.
1245 696 1249 704 ·

511 856 722 936 scintillatio
760 856 905 933 fixarum
957 854 1012 928 vel
1047 853 1083 926 in
1117 854 1219 929 oculo
1253 859 1328 948 est,

460 966 518 1040 vel
545 962 581 1037 io
610 965 729 1048 Aere,
755 961 812 1031 vel
842 958 876 1031 in
905 953 985 1029 fixis
1012 955 1111 1052 ipsis,
1137 981 1193 1030 aut
1218 955 1253 1029 in
1278 958 1328 1032 hir

460 1063 643 1146 omnibus,
670 1055 788 1130 autin
817 1057 940 1132 horum
965 1056 1127 1130 duobus.
1164 1055 1339 1141 Totidem

460 1165 538 1239 sunt
565 1157 757 1233 Austotum
783 1157 979 1258 opiniones.
1411 1173 1415 1182 “

469 1324 474 1338 .
518 1284 550 1334 ι.
583 1257 784 1333 Aristoteles
821 1257 902 1335 Lib.
941 1263 989 1332 ΙΙ.
1027 1257 1069 1331 de
1118 1257 1247 1348 Calo,
1293 1262 1327 1332 u

463 1360 625 1448 Mundo,
645 1363 682 1434 δι
711 1359 1017 1458 Peripateticorum
1044 1356 1186 1457 plurimi
1215 1356 1249 1431 id
1279 1358 1326 1431 vi·

460 1460 510 1536 lui
535 1461 688 1536 tribuunt
722 1461 856 1548 nostro,
882 1461 962 1536 dum
991 1459 1178 1560 longinqua
1214 1459 1334 1549 videt,

459 1561 646 1653 trementi,
672 1561 707 1635 Bt
734 1559 938 1662 trepidanti.
962 1560 1140 1636 Sententia
1166 1558 1244 1634 huic
1263 1563 1321 1632 ad·

458 1661 560 1737 haetet
588 1663 855 1760 &Copernicus
891 1661 950 1737 lib.
980 1667 1009 1736 1.
1033 1665 1120 1762 Cap.
1152 1683 1223 1752 10,
1252 1665 1323 1754 Ty·

375 1775 388 1797 ’
457 1761 522 1837 cho
544 1763 629 1837 item
660 1763 950 1865 Progimnasmate
975 1768 1003 1837 I.
1027 1789 1097 1862 cap.
1124 1767 1159 1841 ό.

505 1885 539 1936 a.
567 1863 732 1954 Vitellio,
760 1865 978 1955 Schoinerus,
1003 1862 1194 1952 Bettinus,
1222 1864 1329 1936 Blan-¹

455 1989 557 2038 canus
581 1963 612 2038 id
638 1967 752 2040 medio
777 1965 992 2055 attribuunt,
1019 1966 1065 2037 ob
1093 1988 1226 2035 motum
1250 1991 1331 2037 cor-r

454 2063 666 2164 pusculorum
702 2065 789 2138 aeris
807 2092 834 2154 ;·
863 2086 969 2160 quum
1006 2084 1125 2133 contra
1168 2061 1320 2133 Planeta·
1440 2127 1441 2134 ,

455 2193 555 2251 rum,
581 2188 699 2257 utpote
727 2160 932 2232 viciniorum
968 2157 1069 2232 radiis
1098 2157 1267 2249 validius,
1291 2165 1327 2236 8<

453 2262 578 2334 fortius
604 2258 755 2330 medium
782 2259 886 2332 horre
912 2257 1108 2357 trajiciam3
1132 2259 1221 2356 quod
1243 2289 1323 2334 coo·

453 2361 593 2434 firmant
618 2357 827 2458 quoqueper
848 2359 1015 2458 majorem
1040 2358 1321 2438 scintillationem

452 2459 606 2553 syderum
658 2485 761 2558 prope
800 2460 1056 2545 horizontem.
1102 2459 1159 2534 ubi
1207 2465 1318 2561 plures

455 2559 555 2647 suot,
585 2557 816 2658 cralsrotesque
841 2587 980 2662 vapores
1005 2619 1016 2653 ,
1040 2565 1075 2636 &
1103 2560 1238 2662 longior
1272 2567 1319 2642 est

455 2659 678 2759 atmosphaerae
704 2663 832 2738 troilus
858 2691 876 2738 a
904 2662 1058 2757 syderum
1088 2662 1191 2738 radiis
1227 2668 1320 2766 traji-

457 2758 625 2860 ciendus3
667 2786 741 2836 tum
770 2763 802 2838 id
833 2763 984 2838 inferunt
1010 2791 1029 2837 a
1052 2762 1270 2842 fimilitudine
1297 2768 1325 2841 i·
1365 2809 1377 2820 ν

453 2859 600 2958 maginia
620 2859 835 2937 scintillantis
863 2864 1032 2940 stellarum
1074 2863 1110 2938 in
1149 2863 1322 2963 superficie
1352 2937 1356 2950 ,

450 2985 544 3058 aqua
570 2959 699 3058 crispa,
726 2966 780 3039 vel
806 2965 999 3060 lapillorum
1036 2964 1073 3040 in
1111 2963 1214 3041 rivuli
1239 2965 1320 3042 fun·
1440 3021 1441 3024 =

450 3063 521 3153 do,
550 3060 679 3160 inquo
704 3089 761 3163 per
779 3062 921 3140 salebras
946 3064 1048 3167 lugat
1074 3066 1210 3168 lympha
1225 3069 1319 3144 labo·

449 3187 522 3250 rat,
554 3189 702 3262 quorum
741 3164 936 3264 lapillorum
975 3169 1092 3270 imago
1128 3171 1315 3268 trepidtt3

447 3261 504 3335 vel
531 3259 646 3360 speciei
672 3263 789 3341 lucida
815 3261 900 3342 Solis
927 3296 1075 3372 excepta
1102 3271 1227 3348 tabella
1256 3296 1317 3366 pet·

447 3359 578 3440 sumum
608 3364 849 3448 transeuntibus
874 3369 996 3468 radiis,
1024 3397 1082 3450 aut
1105 3399 1164 3474 pet
1186 3367 1316 3446 excita·

1188 3491 1263 3542 tum
