2886 5318
505 203 579 299 360
688 195 1060 272 cnrurrr.
1192 203 1206 236 -·

808 395 970 497 uxr.
1058 335 1063 356 ¹

458 603 563 680 Varie
584 604 624 678 dt
650 601 748 674 matis
764 599 858 692 testu,
885 603 1012 699 ejusque
1021 598 1123 688 trufis
1132 597 1310 696 opiniones·

508 803 594 880 Alia
639 799 743 876 maris
795 799 980 901 proprietas
1027 799 1074 874 est
1122 796 1312 896 reciprocus

459 905 572 991 nllus,
597 927 700 1002 quent
725 923 795 972 non
822 927 888 975 uns
916 901 973 973 via
1000 897 1168 994 explicare
1195 898 1307 970 Philo·

460 999 555 1097 sophi
581 1001 696 1074 conati
723 997 832 1090 sunt,
863 1025 1011 1098 quorum
1035 995 1211 1168 opiniones
1234 997 1309 1092 plu·

434 1100 553 1175 'ribus
592 1097 772 1172 reseremus
802 1124 815 1196 3
852 1099 1123 1195 ollendemuque
1170 1096 1310 1172 demum

458 1197 679 1299 opinionibus
714 1198 790 1271 aliis
822 1194 984 1272 omnibus
1010 1223 1085 1272 eam
1113 1195 1309 1295 explicatio·

459 1324 538 1374 nem
563 1303 663 1400 longe
689 1298 756 1372 elle
789 1297 1052 1397 preferendam,
1089 1323 1161 1396 quae
1186 1296 1226 1370 fit
1253 1323 1311 1393 per

459 1399 613 1473 eamdem
641 1396 879 1475 Newtonirnae
893 1395 1106 1474 attrndlionis
1122 1395 1309 1488 theorism,

458 1525 516 1600 pet
549 1526 651 1600 quam
689 1501 724 1574 ἃ
759 1502 876 1577 Terret
912 1496 1055 1598 figurem
1094 1497 1193 1596 ptulo
1232 1523 1310 1574 tute
1354 1508 1361 1548 l

461 1600 713 1700 explicuimus.
1196 1657 1201 1668 .

458 1743 467 1767 ι
514 1701 685 1799 Principio
721 1723 833 1778 autem
859 1698 967 1776 Maris
999 1700 1093 1776 aellus
1116 1697 1312 1873 phonone-

458 1827 503 1880 na
529 1859 539 1893 ,
567 1828 604 1878 ut
632 1802 874 1902 Philosophum
898 1803 993 1880 dec'et
1017 1825 1241 1878 reteneamus
1272 1829 1310 1878 o·

460 1925 595 2004 portet.
620 1909 673 1976 En
699 1904 879 2003 proripui.
1295 1951 1319 2000 o

509 2006 539 2076 1.
563 2009 669 2102 Aquae
705 2005 808 2078 maris
846 2001 946 2079 certis
979 2005 1187 2102 temporibus
1222 2003 1310 2080 hisce

332 2159 336 2168 ,
456 2103 494 2180 in
521 2103 751 2205 regionibusn
780 2103 927 2181 Meridie
953 2104 988 2179 in
1025 2105 1308 2205 Septentrionem

454 2204 547 2280 horis
571 2203 637 2278 lex
671 2206 780 2280 fluere
824 2206 1155 2305 deprehenduntur.
1202 2207 1309 2280 Hunc

448 2306 578 2399 fluxum
611 2331 773 2380 voramus
804 2331 818 2406 3
860 2311 960 2382 Mare
997 2329 1078 2380 tunc
1114 2310 1154 2382 td
1191 2306 1314 2384 littora

455 2401 619 2502 paulatim
647 2403 845 2495 attollitur,
884 2405 1069 2480 fluminum
1102 2405 1185 2488 onia
1207 2405 1311 2482 altius

455 2501 573 2615 subit,
611 2505 787 2577 &eorum
811 2531 909 2601 aquas
935 2507 1085 2600 attolli,
1117 2512 1152 2584 dr
1178 2509 1315 2608 regredi

455 2629 496 2678 co
522 2627 566 2674 tt.

497 2629 555 2776 gll.
579 2705 645 2778 Sex
678 2703 770 2778 horis
801 2703 917 2804 elapsis
953 2731 1011 2804 per
1042 2733 1200 2809 quartam
1238 2709 1310 2786 fere

456 2803 547 2878 horae
572 2827 698 2902 partem
736 2809 750 2899 (
777 2804 889 2881 verius
917 2805 1058 2884 minutis
1085 2809 1176 2904 12‘)
1214 2810 1311 2887 vide·

455 2927 511 2979 tur
536 2929 619 3005 aqua
653 2903 820 3004 quiescere
845 2941 866 3001 ,·
903 2907 1058 3011 deinceps
1092 2935 1172 2984 vero
1207 2917 1312 2988 aSe·

454 3003 657 3104 ptemttione
680 3006 715 3080 in
743 3008 917 3084 meridiem
953 3037 1011 3110 per
1045 3009 1101 3084 sex
1135 3006 1220 3086 item
1249 3013 1310 3086 lto·

456 3133 509 3182 ras
537 3106 753 3208 regreditur.
786 3111 967 3188 Subfidunt
1002 3134 1083 3186 tunc
1119 3102 1238 3214 aquit,
1271 3116 1310 3187 dt

456 3203 602 3284 llumina
633 3208 783 3287 deorsum
829 3211 935 3287 liuere
978 3211 1018 3284 ad
1055 3208 1140 3288 ollio
1181 3213 1308 3290 iterum

306 3306 309 3322 '
456 3305 659 3410 indipiunt.
692 3315 796 3390 Hune
821 3315 975 3412 refluxum
1002 3310 1166 3394 dicimus.
1194 3308 1308 3386 Simili

505 3453 511 3464 ·
1185 3435 1257 3486 mo·

210 4271 1417 4578 ,Ἰ
