2884 5138
502 319 562 401 e
700 260 1045 384 canunt

456 409 793 524 pronuntiandique
818 405 929 485 futura
940 407 1016 482 sunt
1038 409 1090 484 vis
1113 431 1317 511 atquepote·

461 525 522 598 ssas
554 512 614 590 uni
651 511 732 586 huic
767 511 929 586 naturalis
969 509 1192 610 Philosophiae
1229 513 1315 612 parti

456 617 614 698 omnium
641 607 853 685 nobilifftmae
874 612 950 685 data
978 609 1041 710 fit;
1066 634 1170 707 quum
1196 639 1233 686 ea
1244 639 1316 712 quae

456 718 573 824 praesto
598 711 675 786 sunt
689 740 708 808 ,·
727 736 800 812 quae
825 710 934 785 oeulis
961 709 1077 801 cerni,
1103 712 1138 782 δι
1162 714 1314 789 manibus

459 808 1143 1009 {iiiiqiiii‘finifflfiiii‘iin‘ssmiiii
1168 836 1320 987 iiiia}

458 1015 701 1114 circumsepta,
727 1037 766 1088 ut
791 969 832 1087 de
853 1011 930 1111 ipsis
948 1009 1166 1108 *praesentibus
1187 1036 1321 1111 perpau-

458 1152 498 1200 ca
526 1112 722 1215 Philosophi
748 1111 895 1203 norint,
918 1112 1030 1188 futura
1054 1136 1135 1188 uero
1170 1111 1321 1212 praedice-

458 1248 502 1297 re·
519 1214 670 1316 imperiti
698 1211 778 1315 saepe
803 1212 870 1288 ausr
897 1213 988 1302 fine,
1012 1210 1107 1292 dotti
1133 1237 1215 1288 vern
1240 1209 1272 1287 se
1284 1213 1317 1290 id

454 1343 604 1420 unquam
633 1314 720 1416 pode
743 1316 888 1392 omnino
913 1314 1111 1416 desperent.

505 1418 677 1510 Quamuis
701 1417 871 1491 certitudo
896 1415 963 1492 haec
989 1443 1058 1492 non
1084 1419 1127 1492 ab
1153 1442 1222 1492 uno
1243 1416 1316 1491 son·

455 1545 502 1697 {i
522 1517 949 1721 dti‘ssnddffnssrlfd
962 1515 1316 1718 2223“03„dd,¹2?

948 1673 957 1708 ,
1303 1667 1316 1684 .

456 1721 593 1824 stringit
615 1722 754 1796 oculos:
786 1717 1007 1818 Philosophos
1030 1719 1244 1794 Planerrtum
1259 1721 1314 1794 sta·

455 1823 553 1900 tuisse
580 1821 766 1922 periodos,
798 1821 1003 1910 distantias,
1041 1819 1316 1911 declinationes,

369 1953 371 1958 ¹
454 1923 657 2000 aseensrones
682 1925 810 2013 reddas,
835 1922 1088 2025 longitudines,
1113 1920 1318 1998 latitudines·

453 2051 537 2125 que,
553 2051 591 2100 ac
610 2027 829 2122 phaenomtna
846 2048 985 2111 eaerera,
1010 2023 1158 2119 plurium
1185 2020 1314 2096 saeculo·
1401 2039 1407 2051 “

450 2153 526 2202 rum
550 2123 808 2213 observatione,
844 2147 904 2218 per
938 2145 1043 2217 quarn
1080 2147 1184 2220 quum
1219 2119 1316 2198 semel

447 2222 749 2300 animadverterint
773 2246 846 2319 quae
873 2219 915 2292 srt
941 2243 1052 2294 annua
1086 2221 1172 2296 Solis
1199 2273 1209 2310 ,
1242 2251 1314 2320 quan

448 2323 617 2396 menstrua
650 2325 757 2396 Lunae
794 2318 981 2419 periodus,
1011 2318 1140 2422 aliaque
1183 2323 1317 2422 hujusce

473 2421 584 2496 eneris
610 2419 761 2520 profedio
783 2422 899 2496 omnia
912 2452 935 2516 ‚·
959 2418 1056 2499 facile
1080 2423 1313 2524 omninoipsrs

449 2451 516 2596 init
543 2520 740 2638 Tireorerna
764 2525 927 2613 statuere,
953 2521 1081 2604 easdem
1108 2523 1239 2623 semper
1264 2525 1282 2598 f
1303 2569 1317 2589 ·

449 2624 676 2837 arrad?
691 2625 1121 2828 ήιῖξῗῖἳοηρῗῖἲὲἧὶἵῗ
1139 2625 1316 2802 unffi

451 2824 644 2900 universum
671 2827 903 2918 iisdemnunc
927 2828 1054 2929 degibus
1081 2829 1165 2902 stare
1190 2879 1201 2915 ,
1236 2827 1315 2927 qui·

449 2923 512 2998 bus
538 2927 696 3003 conditus
720 2927 794 3019 est,
818 2931 853 3003 de
876 2927 996 3027 quibus
1020 2927 1062 3002 ad
1096 2929 1208 3004 nostra
1244 2927 1312 3002 haee

445 3023 549 3126 usque
576 3051 727 3127 tempora
755 3028 938 3104 incolumis
966 3027 1156 3129 perseverat
1178 3055 1193 3097 .·
1225 3026 1312 3104 illud

445 3124 522 3202 inde
545 3125 623 3201 sane
649 3129 742 3228 quafi
768 3127 885 3230 sponte
913 3130 969 3205 sua
998 3125 1095 3219 fluit,
1123 3155 1195 3228 quar
1221 3128 1308 3205 olim

434 3225 537 3302 'fuere
566 3228 660 3303 statis
695 3231 903 3330 temporibus
934 3229 1090 3326 syderum
1127 3230 1313 3330 phaenome-

447 3351 513 3419 na,
537 3331 655 3406 eadem
682 3333 818 3431 paribus
845 3357 1038 3434 temporum
1066 3333 1258 3410 intervallis
1276 3329 1312 3404 in

315 3522 319 3532 Ὺ
447 3450 559 3506 atrurn
583 3427 714 3528 futura,
738 3459 844 3534 qunnr
868 3435 911 3513 ab
949 3433 1065 3516 iisdem
1104 3435 1207 3514 eaufis
1241 3427 1311 3504 eos·

1182 3531 1260 3607 dena
