<?xml version="1.0" encoding="UTF-8"?>
<!DOCTYPE html PUBLIC "-//W3C//DTD XHTML 1.0 Transitional//EN"
    "http://www.w3.org/TR/xhtml1/DTD/xhtml1-transitional.dtd">
<html xmlns="http://www.w3.org/1999/xhtml" xml:lang="en" lang="en">
 <head>
  <title>
</title>
<meta http-equiv="Content-Type" content="text/html;charset=utf-8" />
  <meta name='ocr-system' content='tesseract 3.04.00' />
  <meta name='ocr-capabilities' content='ocr_page ocr_carea ocr_par ocr_line ocrx_word'/>
</head>
<body>
  <div class='ocr_page' id='page_1' title='image "./naturalisphilos00cologoog_0093.png"; bbox 0 0 2884 5138; ppageno 0'>
   <div class='ocr_carea' id='block_1_1' title="bbox 245 217 962 350">
    <p class='ocr_par' dir='ltr' id='par_1_1' title="bbox 245 217 962 350">
     <span class='ocr_line' id='line_1_1' title="bbox 245 217 962 350; baseline -0.003 -44"><span class='ocrx_word' id='word_1_1' title='bbox 245 217 855 306; x_wconf 59' lang='lat' dir='ltr'>transmontanorum</span> <span class='ocrx_word' id='word_1_2' title='bbox 905 227 962 350; x_wconf 30' lang='lat'>73·</span> 
     </span>
    </p>
   </div>
   <div class='ocr_carea' id='block_1_2' title="bbox 152 325 1066 533">
    <p class='ocr_par' dir='ltr' id='par_1_2' title="bbox 152 325 1066 533">
     <span class='ocr_line' id='line_1_2' title="bbox 165 325 1015 428; baseline -0.008 -17"><span class='ocrx_word' id='word_1_3' title='bbox 165 363 170 376; x_wconf 66' lang='lat'><strong><em>¹</em></strong></span> <span class='ocrx_word' id='word_1_4' title='bbox 195 330 372 428; x_wconf 86' lang='lat' dir='ltr'>Quamvis</span> <span class='ocrx_word' id='word_1_5' title='bbox 399 348 512 399; x_wconf 84' lang='lat' dir='ltr'>morus</span> <span class='ocrx_word' id='word_1_6' title='bbox 538 325 627 401; x_wconf 82' lang='lat' dir='ltr'>Solis</span> <span class='ocrx_word' id='word_1_7' title='bbox 654 329 808 427; x_wconf 86' lang='lat' dir='ltr'>proprius</span> <span class='ocrx_word' id='word_1_8' title='bbox 844 331 883 406; x_wconf 83' lang='lat' dir='ltr'>stt</span> <span class='ocrx_word' id='word_1_9' title='bbox 908 358 1015 412; x_wconf 84' lang='lat' dir='ltr'>unius·</span> 
     </span>
     <span class='ocr_line' id='line_1_3' title="bbox 152 426 1066 533; baseline -0.04 -22"><span class='ocrx_word' id='word_1_10' title='bbox 152 431 399 510; x_wconf 83' lang='lat' dir='ltr'>tantummodo</span> <span class='ocrx_word' id='word_1_11' title='bbox 416 426 534 528; x_wconf 86' lang='lat' dir='ltr'>gradus</span> <span class='ocrx_word' id='word_1_12' title='bbox 559 452 608 524; x_wconf 81' lang='lat'>24</span> <span class='ocrx_word' id='word_1_13' title='bbox 644 429 802 505; x_wconf 84' lang='lat' dir='ltr'>horarum</span> <span class='ocrx_word' id='word_1_14' title='bbox 828 455 1003 533; x_wconf 80' lang='lat' dir='ltr'>tempore,</span> <span class='ocrx_word' id='word_1_15' title='bbox 1064 469 1066 474; x_wconf 89' lang='lat'><em>.</em></span> 
     </span>
    </p>
   </div>
   <div class='ocr_carea' id='block_1_3' title="bbox 16 519 1005 632">
    <p class='ocr_par' dir='ltr' id='par_1_3' title="bbox 16 519 1005 632">
     <span class='ocr_line' id='line_1_4' title="bbox 16 519 1005 632; baseline 0.005 -28"><span class='ocrx_word' id='word_1_16' title='bbox 16 519 18 534; x_wconf 77' lang='grc'><strong>’</strong></span> <span class='ocrx_word' id='word_1_17' title='bbox 61 587 62 590; x_wconf 63' lang='lat'>,</span> <span class='ocrx_word' id='word_1_18' title='bbox 143 533 292 632; x_wconf 87' lang='lat' dir='ltr'>ideoque</span> <span class='ocrx_word' id='word_1_19' title='bbox 329 553 441 606; x_wconf 87' lang='lat' dir='ltr'>motus</span> <span class='ocrx_word' id='word_1_20' title='bbox 468 527 524 603; x_wconf 90' lang='lat' dir='ltr'>hic</span> <span class='ocrx_word' id='word_1_21' title='bbox 558 527 723 605; x_wconf 89' lang='lat' dir='ltr'>minimus</span> <span class='ocrx_word' id='word_1_22' title='bbox 758 532 903 608; x_wconf 91' lang='lat' dir='ltr'>omnino</span> <span class='ocrx_word' id='word_1_23' title='bbox 939 539 1005 612; x_wconf 85' lang='lat' dir='ltr'>elle</span> 
     </span>
    </p>
   </div>
   <div class='ocr_carea' id='block_1_4' title="bbox 46 633 1009 846">
    <p class='ocr_par' dir='ltr' id='par_1_4' title="bbox 46 633 1009 846">
     <span class='ocr_line' id='line_1_5' title="bbox 46 633 1006 730; baseline 0.003 -22"><span class='ocrx_word' id='word_1_24' title='bbox 46 665 48 670; x_wconf 56' lang='lat'><strong><em>¹</em></strong></span> <span class='ocrx_word' id='word_1_25' title='bbox 142 634 266 708; x_wconf 85' lang='lat' dir='ltr'>debeat</span> <span class='ocrx_word' id='word_1_26' title='bbox 294 654 443 730; x_wconf 84' lang='lat' dir='ltr'>tempore</span> <span class='ocrx_word' id='word_1_27' title='bbox 470 634 510 703; x_wconf 83' lang='lat'>2&#39;.</span> <span class='ocrx_word' id='word_1_28' title='bbox 538 635 617 704; x_wconf 69' lang='lat'>22¹2·</span> <span class='ocrx_word' id='word_1_29' title='bbox 643 633 845 707; x_wconf 87' lang='lat' dir='ltr'>Louvilleus</span> <span class='ocrx_word' id='word_1_30' title='bbox 870 657 1006 728; x_wconf 88' lang='lat' dir='ltr'>tamen,</span> 
     </span>
     <span class='ocr_line' id='line_1_6' title="bbox 140 729 1009 846; baseline 0.006 -38"><span class='ocrx_word' id='word_1_31' title='bbox 140 730 449 846; x_wconf 61' lang='lat' dir='ltr'>its⁰v‚neg¹}85r⁹</span> <span class='ocrx_word' id='word_1_32' title='bbox 484 729 624 821; x_wconf 91' lang='lat' dir='ltr'>noluit,</span> <span class='ocrx_word' id='word_1_33' title='bbox 662 733 721 806; x_wconf 81' lang='lat' dir='ltr'>etsi</span> <span class='ocrx_word' id='word_1_34' title='bbox 761 734 863 809; x_wconf 88' lang='lat' dir='ltr'>illum</span> <span class='ocrx_word' id='word_1_35' title='bbox 891 738 1009 840; x_wconf 83' lang='lat' dir='ltr'>magni</span> 
     </span>
    </p>
   </div>
   <div class='ocr_carea' id='block_1_5' title="bbox 16 833 1004 932">
    <p class='ocr_par' dir='ltr' id='par_1_5' title="bbox 16 833 1004 932">
     <span class='ocr_line' id='line_1_7' title="bbox 16 833 1004 932; baseline 0.004 -24"><span class='ocrx_word' id='word_1_36' title='bbox 16 919 17 922; x_wconf 8' lang='grc' dir='ltr'><strong>Ἴ</strong></span> <span class='ocrx_word' id='word_1_37' title='bbox 140 859 293 909; x_wconf 83' lang='lat' dir='ltr'>nominis</span> <span class='ocrx_word' id='word_1_38' title='bbox 330 857 399 906; x_wconf 85' lang='lat' dir='ltr'>virt</span> <span class='ocrx_word' id='word_1_39' title='bbox 439 856 536 905; x_wconf 85' lang='lat' dir='ltr'>antea</span> <span class='ocrx_word' id='word_1_40' title='bbox 564 833 808 932; x_wconf 81' lang='lat' dir='ltr'>neglexerint.</span> <span class='ocrx_word' id='word_1_41' title='bbox 845 839 1004 913; x_wconf 83' lang='lat' dir='ltr'>Invenire</span> 
     </span>
    </p>
   </div>
   <div class='ocr_carea' id='block_1_6' title="bbox 137 931 1105 1440">
    <p class='ocr_par' dir='ltr' id='par_1_6' title="bbox 138 931 1105 1132">
     <span class='ocr_line' id='line_1_8' title="bbox 138 931 1105 1038; baseline 0.004 -29"><span class='ocrx_word' id='word_1_42' title='bbox 138 935 247 1038; x_wconf 86' lang='lat' dir='ltr'>igitur</span> <span class='ocrx_word' id='word_1_43' title='bbox 272 933 331 1032; x_wconf 84' lang='lat' dir='ltr'>ipfi</span> <span class='ocrx_word' id='word_1_44' title='bbox 358 957 442 1032; x_wconf 85' lang='lat' dir='ltr'>opus</span> <span class='ocrx_word' id='word_1_45' title='bbox 469 931 534 1007; x_wconf 84' lang='lat' dir='ltr'>fuit</span> <span class='ocrx_word' id='word_1_46' title='bbox 561 933 652 1008; x_wconf 83' lang='lat' dir='ltr'>Solis</span> <span class='ocrx_word' id='word_1_47' title='bbox 679 935 910 1036; x_wconf 83' lang='lat' dir='ltr'>longitudines</span> <span class='ocrx_word' id='word_1_48' title='bbox 938 964 996 1013; x_wconf 91' lang='lat' dir='ltr'>ve·</span> <span class='ocrx_word' id='word_1_49' title='bbox 1102 938 1105 944; x_wconf 82' lang='grc'>’</span> 
     </span>
     <span class='ocr_line' id='line_1_9' title="bbox 138 1031 1011 1132; baseline -0.002 -20"><span class='ocrx_word' id='word_1_50' title='bbox 138 1061 213 1124; x_wconf 70' lang='lat' dir='ltr'>ras,</span> <span class='ocrx_word' id='word_1_51' title='bbox 237 1031 500 1132; x_wconf 84' lang='lat' dir='ltr'>asccnlionelque</span> <span class='ocrx_word' id='word_1_52' title='bbox 526 1031 652 1109; x_wconf 70' lang='lat' dir='ltr'>restas.</span> <span class='ocrx_word' id='word_1_53' title='bbox 1007 1061 1011 1068; x_wconf 88' lang='lat'><em>·</em></span> 
     </span>
    </p>

    <p class='ocr_par' dir='ltr' id='par_1_7' title="bbox 137 1133 1002 1440">
     <span class='ocr_line' id='line_1_10' title="bbox 188 1133 1001 1216; baseline 0.002 -3"><span class='ocrx_word' id='word_1_54' title='bbox 188 1141 306 1213; x_wconf 89' lang='lat' dir='ltr'>Tanto</span> <span class='ocrx_word' id='word_1_55' title='bbox 345 1133 530 1210; x_wconf 86' lang='lat' dir='ltr'>molimine</span> <span class='ocrx_word' id='word_1_56' title='bbox 566 1135 756 1213; x_wconf 88' lang='lat' dir='ltr'>rationum‘</span> <span class='ocrx_word' id='word_1_57' title='bbox 780 1139 921 1216; x_wconf 87' lang='lat' dir='ltr'>dentum</span> <span class='ocrx_word' id='word_1_58' title='bbox 948 1139 1001 1215; x_wconf 89' lang='lat' dir='ltr'>in·</span> 
     </span>
     <span class='ocr_line' id='line_1_11' title="bbox 137 1233 1002 1338; baseline 0.003 -26"><span class='ocrx_word' id='word_1_59' title='bbox 137 1239 238 1312; x_wconf 78' lang='lat' dir='ltr'>venit</span> <span class='ocrx_word' id='word_1_60' title='bbox 272 1236 362 1312; x_wconf 84' lang='lat' dir='ltr'>Solis</span> <span class='ocrx_word' id='word_1_61' title='bbox 399 1233 607 1312; x_wconf 81' lang='lat' dir='ltr'>diametrum</span> <span class='ocrx_word' id='word_1_62' title='bbox 643 1265 856 1338; x_wconf 78' lang='lat' dir='ltr'>apparentem</span> <span class='ocrx_word' id='word_1_63' title='bbox 888 1240 1002 1318; x_wconf 83' lang='lat' dir='ltr'>maxi·</span> 
     </span>
     <span class='ocr_line' id='line_1_12' title="bbox 142 1335 1002 1440; baseline 0 -25"><span class='ocrx_word' id='word_1_64' title='bbox 142 1367 234 1415; x_wconf 87' lang='lat' dir='ltr'>marn</span> <span class='ocrx_word' id='word_1_65' title='bbox 273 1338 310 1414; x_wconf 93' lang='lat' dir='ltr'>in</span> <span class='ocrx_word' id='word_1_66' title='bbox 350 1338 494 1440; x_wconf 90' lang='lat' dir='ltr'>Perigeo</span> <span class='ocrx_word' id='word_1_67' title='bbox 540 1335 635 1413; x_wconf 82' lang='lat' dir='ltr'>inille</span> <span class='ocrx_word' id='word_1_68' title='bbox 670 1345 760 1434; x_wconf 81' lang='lat'>32&#39;.</span> <span class='ocrx_word' id='word_1_69' title='bbox 805 1347 899 1439; x_wconf 62' lang='lat'>37⁹.</span> <span class='ocrx_word' id='word_1_70' title='bbox 933 1345 1002 1440; x_wconf 81' lang='lat'>7“.</span> 
     </span>
    </p>
   </div>
   <div class='ocr_carea' id='block_1_7' title="bbox 19 1439 1130 1638">
    <p class='ocr_par' dir='ltr' id='par_1_8' title="bbox 19 1439 1130 1638">
     <span class='ocr_line' id='line_1_13' title="bbox 138 1439 1130 1540; baseline 0 -26"><span class='ocrx_word' id='word_1_71' title='bbox 138 1442 224 1515; x_wconf 81' lang='lat' dir='ltr'>Haec</span> <span class='ocrx_word' id='word_1_72' title='bbox 247 1440 294 1515; x_wconf 87' lang='lat' dir='ltr'>ell</span> <span class='ocrx_word' id='word_1_73' title='bbox 326 1439 525 1540; x_wconf 81' lang='lat' dir='ltr'>magnitudo</span> <span class='ocrx_word' id='word_1_74' title='bbox 558 1465 719 1538; x_wconf 88' lang='lat' dir='ltr'>apparens</span> <span class='ocrx_word' id='word_1_75' title='bbox 753 1440 912 1518; x_wconf 88' lang='lat' dir='ltr'>diametri</span> <span class='ocrx_word' id='word_1_76' title='bbox 941 1445 1000 1515; x_wconf 89' lang='lat' dir='ltr'>ho·</span> <span class='ocrx_word' id='word_1_77' title='bbox 1119 1442 1130 1456; x_wconf 78' lang='lat'>&#39;</span> 
     </span>
     <span class='ocr_line' id='line_1_14' title="bbox 19 1537 1000 1638; baseline 0.001 -23"><span class='ocrx_word' id='word_1_78' title='bbox 19 1635 21 1638; x_wconf 77' lang='lat'>.</span> <span class='ocrx_word' id='word_1_79' title='bbox 137 1537 316 1616; x_wconf 83' lang='lat' dir='ltr'>rizontalis</span> <span class='ocrx_word' id='word_1_80' title='bbox 339 1541 455 1630; x_wconf 89' lang='lat' dir='ltr'>Solis,</span> <span class='ocrx_word' id='word_1_81' title='bbox 487 1565 560 1636; x_wconf 85' lang='lat' dir='ltr'>quaa</span> <span class='ocrx_word' id='word_1_82' title='bbox 585 1541 811 1616; x_wconf 83' lang='lat' dir='ltr'>horizontalis</span> <span class='ocrx_word' id='word_1_83' title='bbox 835 1545 1000 1617; x_wconf 88' lang='lat' dir='ltr'>diameter</span> 
     </span>
    </p>
   </div>
   <div class='ocr_carea' id='block_1_8' title="bbox 136 1637 1022 1934">
    <p class='ocr_par' dir='ltr' id='par_1_9' title="bbox 136 1637 1022 1934">
     <span class='ocr_line' id='line_1_15' title="bbox 140 1637 1009 1738; baseline 0 -24"><span class='ocrx_word' id='word_1_84' title='bbox 140 1643 312 1738; x_wconf 85' lang='lat' dir='ltr'>damper</span> <span class='ocrx_word' id='word_1_85' title='bbox 350 1637 584 1712; x_wconf 88' lang='lat' dir='ltr'>Meridianum</span> <span class='ocrx_word' id='word_1_86' title='bbox 612 1639 760 1729; x_wconf 82' lang='lat' dir='ltr'>tranlis,</span> <span class='ocrx_word' id='word_1_87' title='bbox 791 1641 1009 1716; x_wconf 82' lang='lat' dir='ltr'>confunditur</span> 
     </span>
     <span class='ocr_line' id='line_1_16' title="bbox 137 1735 1022 1836; baseline 0 -24"><span class='ocrx_word' id='word_1_88' title='bbox 137 1764 217 1812; x_wconf 89' lang='lat' dir='ltr'>cum</span> <span class='ocrx_word' id='word_1_89' title='bbox 244 1761 344 1829; x_wconf 83' lang='lat' dir='ltr'>arcu,</span> <span class='ocrx_word' id='word_1_90' title='bbox 370 1763 437 1834; x_wconf 88' lang='lat' dir='ltr'>quo</span> <span class='ocrx_word' id='word_1_91' title='bbox 460 1735 600 1836; x_wconf 69' lang='lat' dir='ltr'>diurnus</span> <span class='ocrx_word' id='word_1_92' title='bbox 638 1737 754 1835; x_wconf 82' lang='lat' dir='ltr'>quivis</span> <span class='ocrx_word' id='word_1_93' title='bbox 786 1740 931 1813; x_wconf 89' lang='lat' dir='ltr'>circulus</span> <span class='ocrx_word' id='word_1_94' title='bbox 958 1741 1022 1812; x_wconf 31' lang='lat' dir='ltr'>est*</span> 
     </span>
     <span class='ocr_line' id='line_1_17' title="bbox 136 1834 1004 1934; baseline 0.001 -22"><span class='ocrx_word' id='word_1_95' title='bbox 136 1835 308 1912; x_wconf 88' lang='lat' dir='ltr'>ltorizonti</span> <span class='ocrx_word' id='word_1_96' title='bbox 345 1835 554 1934; x_wconf 84' lang='lat' dir='ltr'>parallelus.</span> <span class='ocrx_word' id='word_1_97' title='bbox 591 1834 770 1910; x_wconf 87' lang='lat' dir='ltr'>Diameter</span> <span class='ocrx_word' id='word_1_98' title='bbox 810 1837 877 1912; x_wconf 73' lang='lat' dir='ltr'>hiet</span> <span class='ocrx_word' id='word_1_99' title='bbox 910 1837 1004 1913; x_wconf 89' lang='lat' dir='ltr'>hori·</span> 
     </span>
    </p>
   </div>
   <div class='ocr_carea' id='block_1_9' title="bbox 16 1934 1003 2136">
    <p class='ocr_par' dir='ltr' id='par_1_10' title="bbox 16 1934 1003 2136">
     <span class='ocr_line' id='line_1_18' title="bbox 16 1934 1003 2035; baseline 0.003 -22"><span class='ocrx_word' id='word_1_100' title='bbox 16 2001 18 2004; x_wconf 95' lang='lat'>.</span> <span class='ocrx_word' id='word_1_101' title='bbox 139 1934 285 2014; x_wconf 84' lang='lat' dir='ltr'>anntalis</span> <span class='ocrx_word' id='word_1_102' title='bbox 318 1936 380 2012; x_wconf 88' lang='lat' dir='ltr'>illa</span> <span class='ocrx_word' id='word_1_103' title='bbox 408 1935 486 2025; x_wconf 79' lang='lat' dir='ltr'>eli,</span> <span class='ocrx_word' id='word_1_104' title='bbox 522 1959 596 2035; x_wconf 75' lang='lat' dir='ltr'>qua</span> <span class='ocrx_word' id='word_1_105' title='bbox 633 1961 691 2035; x_wconf 88' lang='lat' dir='ltr'>per</span> <span class='ocrx_word' id='word_1_106' title='bbox 731 1937 844 2011; x_wconf 87' lang='lat' dir='ltr'>varias</span> <span class='ocrx_word' id='word_1_107' title='bbox 869 1939 1003 2022; x_wconf 79' lang='lat' dir='ltr'>Solisa</span> 
     </span>
     <span class='ocr_line' id='line_1_19' title="bbox 16 2035 1003 2136; baseline 0.003 -24"><span class='ocrx_word' id='word_1_108' title='bbox 16 2039 18 2112; x_wconf 74' lang='grc' dir='ltr'>ζ</span> <span class='ocrx_word' id='word_1_109' title='bbox 73 2099 77 2106; x_wconf 96' lang='grc'>.</span> <span class='ocrx_word' id='word_1_110' title='bbox 137 2041 244 2114; x_wconf 89' lang='lat' dir='ltr'>Terra</span> <span class='ocrx_word' id='word_1_111' title='bbox 267 2035 437 2114; x_wconf 84' lang='lat' dir='ltr'>distantias</span> <span class='ocrx_word' id='word_1_112' title='bbox 463 2061 602 2136; x_wconf 89' lang='lat' dir='ltr'>augetur</span> <span class='ocrx_word' id='word_1_113' title='bbox 627 2035 921 2114; x_wconf 86' lang='lat' dir='ltr'>imminuiturve.</span> <span class='ocrx_word' id='word_1_114' title='bbox 950 2045 1003 2116; x_wconf 89' lang='lat' dir='ltr'>At</span> 
     </span>
    </p>
   </div>
   <div class='ocr_carea' id='block_1_10' title="bbox 16 2123 1002 2241">
    <p class='ocr_par' dir='ltr' id='par_1_11' title="bbox 16 2123 1002 2241">
     <span class='ocr_line' id='line_1_20' title="bbox 16 2123 1002 2241; baseline 0.003 -30"><span class='ocrx_word' id='word_1_115' title='bbox 16 2123 18 2144; x_wconf 71' lang='lat'><strong><em>⁵</em></strong></span> <span class='ocrx_word' id='word_1_116' title='bbox 103 2179 105 2184; x_wconf 35' lang='lat' dir='ltr'>v</span> <span class='ocrx_word' id='word_1_117' title='bbox 136 2141 335 2216; x_wconf 81' lang='lat' dir='ltr'>verticalem</span> <span class='ocrx_word' id='word_1_118' title='bbox 361 2165 498 2240; x_wconf 89' lang='lat' dir='ltr'>quoque</span> <span class='ocrx_word' id='word_1_119' title='bbox 542 2137 747 2213; x_wconf 86' lang='lat' dir='ltr'>diametrum</span> <span class='ocrx_word' id='word_1_120' title='bbox 784 2141 877 2216; x_wconf 88' lang='lat' dir='ltr'>noll&#39;e</span> <span class='ocrx_word' id='word_1_121' title='bbox 900 2167 1002 2241; x_wconf 88' lang='lat' dir='ltr'>opor·</span> 
     </span>
    </p>
   </div>
   <div class='ocr_carea' id='block_1_11' title="bbox 16 2240 1009 2341">
    <p class='ocr_par' dir='ltr' id='par_1_12' title="bbox 16 2240 1009 2341">
     <span class='ocr_line' id='line_1_21' title="bbox 16 2240 1009 2341; baseline 0 -26"><span class='ocrx_word' id='word_1_122' title='bbox 16 2313 19 2324; x_wconf 90' lang='grc'><strong>,</strong></span> <span class='ocrx_word' id='word_1_123' title='bbox 134 2259 212 2318; x_wconf 82' lang='lat' dir='ltr'>ret.</span> <span class='ocrx_word' id='word_1_124' title='bbox 251 2242 438 2341; x_wconf 77' lang='lat' dir='ltr'>Quando,</span> <span class='ocrx_word' id='word_1_125' title='bbox 474 2265 527 2314; x_wconf 83' lang='lat' dir='ltr'>ex.</span> <span class='ocrx_word' id='word_1_126' title='bbox 562 2265 612 2337; x_wconf 84' lang='lat' dir='ltr'>gr.</span> <span class='ocrx_word' id='word_1_127' title='bbox 651 2240 810 2340; x_wconf 69' lang='lat' dir='ltr'>quaeritur</span> <span class='ocrx_word' id='word_1_128' title='bbox 848 2241 1009 2330; x_wconf 76' lang='lat' dir='ltr'>altitudo,</span> 
     </span>
    </p>
   </div>
   <div class='ocr_carea' id='block_1_12' title="bbox 62 2338 1003 2542">
    <p class='ocr_par' dir='ltr' id='par_1_13' title="bbox 62 2338 1003 2542">
     <span class='ocr_line' id='line_1_22' title="bbox 62 2338 1003 2444; baseline -0.004 -25"><span class='ocrx_word' id='word_1_129' title='bbox 62 2421 65 2426; x_wconf 75' lang='grc'><strong>,</strong></span> <span class='ocrx_word' id='word_1_130' title='bbox 141 2343 247 2418; x_wconf 90' lang='lat' dir='ltr'>centri</span> <span class='ocrx_word' id='word_1_131' title='bbox 285 2340 412 2430; x_wconf 86' lang='lat' dir='ltr'>Solis,</span> <span class='ocrx_word' id='word_1_132' title='bbox 446 2338 597 2416; x_wconf 86' lang='lat' dir='ltr'>altitudo</span> <span class='ocrx_word' id='word_1_133' title='bbox 631 2340 775 2416; x_wconf 90' lang='lat' dir='ltr'>sumitur</span> <span class='ocrx_word' id='word_1_134' title='bbox 807 2368 876 2418; x_wconf 77' lang='lat' dir='ltr'>orae</span> <span class='ocrx_word' id='word_1_135' title='bbox 909 2341 1003 2444; x_wconf 82' lang='lat' dir='ltr'>supe·</span> 
     </span>
     <span class='ocr_line' id='line_1_23' title="bbox 138 2438 1001 2542; baseline -0.001 -23"><span class='ocrx_word' id='word_1_136' title='bbox 138 2443 238 2519; x_wconf 87' lang='lat' dir='ltr'>rioris</span> <span class='ocrx_word' id='word_1_137' title='bbox 277 2445 313 2516; x_wconf 76' lang='lat' dir='ltr'>dt</span> <span class='ocrx_word' id='word_1_138' title='bbox 356 2438 527 2517; x_wconf 86' lang='lat' dir='ltr'>inferioris</span> <span class='ocrx_word' id='word_1_139' title='bbox 561 2439 652 2516; x_wconf 84' lang='lat' dir='ltr'>Solis</span> <span class='ocrx_word' id='word_1_140' title='bbox 681 2495 693 2533; x_wconf 90' lang='lat'><strong>‚</strong></span> <span class='ocrx_word' id='word_1_141' title='bbox 725 2469 796 2542; x_wconf 79' lang='lat' dir='ltr'>quae</span> <span class='ocrx_word' id='word_1_142' title='bbox 818 2441 894 2521; x_wconf 88' lang='lat' dir='ltr'>sunt</span> <span class='ocrx_word' id='word_1_143' title='bbox 929 2443 1001 2518; x_wconf 89' lang='lat' dir='ltr'>dia·</span> 
     </span>
    </p>
   </div>
   <div class='ocr_carea' id='block_1_13' title="bbox 16 2540 1001 2634">
    <p class='ocr_par' dir='ltr' id='par_1_14' title="bbox 16 2540 1001 2634">
     <span class='ocr_line' id='line_1_24' title="bbox 16 2540 1001 2634; baseline 0.001 -15"><span class='ocrx_word' id='word_1_144' title='bbox 16 2575 17 2580; x_wconf 45' lang='lat'>¹</span> <span class='ocrx_word' id='word_1_145' title='bbox 138 2544 241 2620; x_wconf 90' lang='lat' dir='ltr'>metri</span> <span class='ocrx_word' id='word_1_146' title='bbox 287 2540 457 2619; x_wconf 85' lang='lat' dir='ltr'>verticalis</span> <span class='ocrx_word' id='word_1_147' title='bbox 503 2565 654 2618; x_wconf 82' lang='lat' dir='ltr'>extrema</span> <span class='ocrx_word' id='word_1_148' title='bbox 693 2597 703 2634; x_wconf 92' lang='lat'>,</span> <span class='ocrx_word' id='word_1_149' title='bbox 755 2548 790 2618; x_wconf 72' lang='grc' dir='ltr'>δι</span> <span class='ocrx_word' id='word_1_150' title='bbox 839 2543 1001 2620; x_wconf 89' lang='lat' dir='ltr'>diametri</span> 
     </span>
    </p>
   </div>
   <div class='ocr_carea' id='block_1_14' title="bbox 109 2641 1066 2947">
    <p class='ocr_par' dir='ltr' id='par_1_15' title="bbox 109 2641 1066 2947">
     <span class='ocr_line' id='line_1_25' title="bbox 109 2641 1066 2721; baseline -0.001 0"><span class='ocrx_word' id='word_1_151' title='bbox 109 2644 317 2721; x_wconf 22' lang='lat' dir='ltr'>[dimidium</span> <span class='ocrx_word' id='word_1_152' title='bbox 350 2643 486 2718; x_wconf 86' lang='lat' dir='ltr'>additur</span> <span class='ocrx_word' id='word_1_153' title='bbox 523 2641 692 2718; x_wconf 88' lang='lat' dir='ltr'>altitudini</span> <span class='ocrx_word' id='word_1_154' title='bbox 728 2671 795 2720; x_wconf 85' lang='lat' dir='ltr'>orae</span> <span class='ocrx_word' id='word_1_155' title='bbox 832 2645 996 2721; x_wconf 88' lang='lat' dir='ltr'>humilio·</span> <span class='ocrx_word' id='word_1_156' title='bbox 1058 2650 1066 2664; x_wconf 87' lang='lat'>&#39;</span> 
     </span>
     <span class='ocr_line' id='line_1_26' title="bbox 137 2742 1004 2839; baseline -0.003 -17"><span class='ocrx_word' id='word_1_157' title='bbox 137 2746 220 2839; x_wconf 84' lang='lat' dir='ltr'>ris,</span> <span class='ocrx_word' id='word_1_158' title='bbox 264 2745 322 2820; x_wconf 89' lang='lat' dir='ltr'>vel</span> <span class='ocrx_word' id='word_1_159' title='bbox 358 2744 508 2822; x_wconf 89' lang='lat' dir='ltr'>demitur</span> <span class='ocrx_word' id='word_1_160' title='bbox 552 2745 595 2820; x_wconf 88' lang='lat' dir='ltr'>ab</span> <span class='ocrx_word' id='word_1_161' title='bbox 634 2742 814 2822; x_wconf 87' lang='lat' dir='ltr'>altitudine</span> <span class='ocrx_word' id='word_1_162' title='bbox 844 2773 910 2822; x_wconf 86' lang='lat' dir='ltr'>orae</span> <span class='ocrx_word' id='word_1_163' title='bbox 954 2743 1004 2820; x_wconf 87' lang='lat' dir='ltr'>su·</span> 
     </span>
     <span class='ocr_line' id='line_1_27' title="bbox 139 2844 1003 2947; baseline -0.006 -25"><span class='ocrx_word' id='word_1_164' title='bbox 139 2845 283 2946; x_wconf 84' lang='lat' dir='ltr'>periuris</span> <span class='ocrx_word' id='word_1_165' title='bbox 315 2903 326 2939; x_wconf 94' lang='lat'>,</span> <span class='ocrx_word' id='word_1_166' title='bbox 365 2873 425 2946; x_wconf 90' lang='lat' dir='ltr'>per</span> <span class='ocrx_word' id='word_1_167' title='bbox 449 2845 540 2947; x_wconf 90' lang='lat' dir='ltr'>quod</span> <span class='ocrx_word' id='word_1_168' title='bbox 582 2844 692 2920; x_wconf 90' lang='lat' dir='ltr'>centri</span> <span class='ocrx_word' id='word_1_169' title='bbox 737 2847 827 2924; x_wconf 86' lang='lat' dir='ltr'>Solis</span> <span class='ocrx_word' id='word_1_170' title='bbox 860 2849 1003 2923; x_wconf 76' lang='lat' dir='ltr'>habetur</span> 
     </span>
    </p>
   </div>
   <div class='ocr_carea' id='block_1_15' title="bbox 16 2944 1002 3150">
    <p class='ocr_par' dir='ltr' id='par_1_16' title="bbox 16 2944 1002 3150">
     <span class='ocr_line' id='line_1_28' title="bbox 16 2944 1002 3050; baseline -0.006 -29"><span class='ocrx_word' id='word_1_171' title='bbox 16 2989 17 3046; x_wconf 74' lang='lat'>1</span> <span class='ocrx_word' id='word_1_172' title='bbox 138 2949 282 3024; x_wconf 89' lang='lat' dir='ltr'>altitudo</span> <span class='ocrx_word' id='word_1_173' title='bbox 296 2981 319 3042; x_wconf 84' lang='lat'>‚·</span> <span class='ocrx_word' id='word_1_174' title='bbox 352 2973 456 3050; x_wconf 83' lang='lat' dir='ltr'>quare</span> <span class='ocrx_word' id='word_1_175' title='bbox 501 2944 670 3022; x_wconf 86' lang='lat' dir='ltr'>verticalis</span> <span class='ocrx_word' id='word_1_176' title='bbox 705 2947 865 3025; x_wconf 85' lang='lat' dir='ltr'>diametri</span> <span class='ocrx_word' id='word_1_177' title='bbox 893 2945 1002 3022; x_wconf 76' lang='lat' dir='ltr'>¹Solis</span> 
     </span>
     <span class='ocr_line' id='line_1_29' title="bbox 16 3047 827 3150; baseline 0.002 -30"><span class='ocrx_word' id='word_1_178' title='bbox 16 3099 18 3130; x_wconf 30' lang='grc' dir='ltr'><strong>ᾗ</strong></span> <span class='ocrx_word' id='word_1_179' title='bbox 140 3047 339 3145; x_wconf 84' lang='lat' dir='ltr'>magnitudo</span> <span class='ocrx_word' id='word_1_180' title='bbox 365 3048 584 3150; x_wconf 82' lang='lat' dir='ltr'>cognoscatur</span> <span class='ocrx_word' id='word_1_181' title='bbox 606 3049 731 3125; x_wconf 84' lang='lat' dir='ltr'>necelse</span> <span class='ocrx_word' id='word_1_182' title='bbox 758 3053 827 3126; x_wconf 88' lang='lat' dir='ltr'>est.</span> 
     </span>
    </p>
   </div>
   <div class='ocr_carea' id='block_1_16' title="bbox 191 3140 1000 3226">
    <p class='ocr_par' dir='ltr' id='par_1_17' title="bbox 191 3140 1000 3226">
     <span class='ocr_line' id='line_1_30' title="bbox 191 3140 1000 3226; baseline 0.004 -10"><span class='ocrx_word' id='word_1_183' title='bbox 191 3147 373 3222; x_wconf 75' lang='lat' dir='ltr'>verticalis</span> <span class='ocrx_word' id='word_1_184' title='bbox 417 3151 526 3224; x_wconf 79' lang='lat' dir='ltr'>haece</span> <span class='ocrx_word' id='word_1_185' title='bbox 582 3149 747 3226; x_wconf 89' lang='lat' dir='ltr'>diameter</span> <span class='ocrx_word' id='word_1_186' title='bbox 798 3140 1000 3222; x_wconf 65' lang='lat' dir='ltr'>retractione</span> 
     </span>
    </p>
   </div>
   <div class='ocr_carea' id='block_1_17' title="bbox 16 3240 1000 3346">
    <p class='ocr_par' dir='ltr' id='par_1_18' title="bbox 16 3240 1000 3346">
     <span class='ocr_line' id='line_1_31' title="bbox 16 3240 1000 3346; baseline 0.003 -24"><span class='ocrx_word' id='word_1_187' title='bbox 16 3257 20 3278; x_wconf 79' lang='lat'><strong>¹</strong></span> <span class='ocrx_word' id='word_1_188' title='bbox 145 3245 390 3336; x_wconf 78' lang='lat' dir='ltr'>imminuitur,</span> <span class='ocrx_word' id='word_1_189' title='bbox 426 3273 465 3322; x_wconf 90' lang='lat' dir='ltr'>ut</span> <span class='ocrx_word' id='word_1_190' title='bbox 488 3272 611 3323; x_wconf 89' lang='lat' dir='ltr'>notum</span> <span class='ocrx_word' id='word_1_191' title='bbox 636 3251 708 3339; x_wconf 81' lang='lat' dir='ltr'>est,</span> <span class='ocrx_word' id='word_1_192' title='bbox 744 3273 815 3346; x_wconf 72' lang='lat' dir='ltr'>quae</span> <span class='ocrx_word' id='word_1_193' title='bbox 840 3240 1000 3319; x_wconf 65' lang='lat' dir='ltr'>refraflio</span> 
     </span>
    </p>
   </div>
   <div class='ocr_carea' id='block_1_18' title="bbox 20 3341 1002 3522">
    <p class='ocr_par' dir='ltr' id='par_1_19' title="bbox 20 3341 1002 3522">
     <span class='ocr_line' id='line_1_32' title="bbox 20 3341 1002 3518; baseline -0.007 -93"><span class='ocrx_word' id='word_1_194' title='bbox 20 3395 22 3398; x_wconf 74' lang='lat'><em>.</em></span> <span class='ocrx_word' id='word_1_195' title='bbox 140 3345 416 3450; x_wconf 72' lang='lat' dir='ltr'>eumitren,</span> <span class='ocrx_word' id='word_1_196' title='bbox 450 3375 521 3446; x_wconf 89' lang='lat' dir='ltr'>quo</span> <span class='ocrx_word' id='word_1_197' title='bbox 547 3351 617 3456; x_wconf 70' lang='lat' dir='ltr'>Sol¹</span> <span class='ocrx_word' id='word_1_198' title='bbox 643 3347 777 3442; x_wconf 81' lang='lat' dir='ltr'>luerit,</span> <span class='ocrx_word' id='word_1_199' title='bbox 812 3341 1002 3518; x_wconf 66' lang='lat' dir='ltr'>horiaosntis</span> 
     </span>
     <span class='ocr_line' id='line_1_33' title="bbox 888 3469 950 3522; baseline -0.032 0"><span class='ocrx_word' id='word_1_200' title='bbox 888 3469 922 3522; x_wconf 85' lang='lat' dir='ltr'>tt</span> <span class='ocrx_word' id='word_1_201' title='bbox 937 3485 950 3510; x_wconf 89' lang='lat'><strong>·</strong></span> 
     </span>
    </p>
   </div>
   <div class='ocr_carea' id='block_1_19' title="bbox 0 0 1446 5138">
    <p class='ocr_par' dir='ltr' id='par_1_20' title="bbox 0 0 1446 5138">
     <span class='ocr_line' id='line_1_34' title="bbox 0 0 1446 5138; baseline 0 0"><span class='ocrx_word' id='word_1_202' title='bbox 0 0 1446 5138; x_wconf 95' lang='lat' dir='ltr'> </span> 
     </span>
    </p>
   </div>
  </div>
 </body>
</html>
