2868 5430
512 218 778 394 Ublervationis
791 215 1228 426 liabiireURTttmaeiLstque'
1245 315 1317 392 Flo·

463 419 603 508 tentiae,
628 443 748 493 verum
776 418 896 492 barum
922 415 1057 490 urbium
1083 413 1216 504 strum,
1249 441 1315 492 rum

463 520 577 622 quoad
605 515 889 620 longitudinem,
929 542 1003 592 tum
1032 513 1144 614 quoad
1180 517 1317 595 latitudi-

464 647 566 712 nem,
594 648 697 720 nuper
723 618 970 696 exbibuerunt.
998 619 1120 716 Longe
1146 617 1260 695 differt
1285 619 1320 694 s·

464 747 518 800 tos
542 721 598 800 hie
621 725 661 796 ab
685 749 748 814 eo,
773 747 875 820 quem
902 717 1095 818 Geographi
1121 719 1319 796 recentiores

462 824 585 900 iisdem
612 822 760 896 Urbibus
783 819 995 892 tribuebant.
1024 817 1226 894 Differentia
1252 825 1321 898 lon·

464 927 660 1025 girudinum
688 921 800 994 minor
822 917 996 992 invenitur
1020 916 1164 989 minutis
1185 925 1262 1010 45',
1287 925 1321 998 δι

466 1047 592 1097 εοηττε.
619 1019 812 1094 differentia
847 1015 1036 1093 latitudinis
1070 1017 1178 1112 major
1210 1018 1322 1118 depre-

463 1121 566 1197 bensa
592 1120 639 1193 est
661 1116 804 1194 minutis
829 1121 909 1194 20¹.
937 1121 1070 1192 Harum
1105 1139 1222 1192 tamen
1256 1123 1321 1192 Ur·

467 1222 560 1298 bium
588 1218 744 1294 distantia
772 1221 890 1295 eadem
916 1217 982 1306 est,
1010 1219 1033 1292 st
1066 1216 1217 1292 milliare
1242 1217 1322 1317 ejus·

465 1321 561 1399 modi
584 1317 678 1394 soille
708 1346 840 1420 ponas,
877 1325 987 1394 ut1⁰.
1018 1317 1212 1396 latitudinis
1249 1321 1322 1394 mil·

464 1422 562 1497 liaria
586 1424 744 1495 Romana
768 1440 814 1516 75
851 1417 1065 1496 contineret:
1101 1421 1193 1518 qood
1216 1447 1321 1522 quum

465 1521 665 1598 recentiores
714 1521 914 1624 Geograpbi
959 1549 1026 1594 non
1072 1520 1323 1598 animadverte·

464 1625 557 1716 rint,
578 1622 665 1714 vix,
692 1648 751 1700 aut
774 1651 817 1698 ne
845 1623 905 1698 vix
924 1622 1064 1723 quidem
1088 1645 1245 1722 poterant
1264 1624 1321 1698 hs·

464 1753 542 1801 rum
577 1724 727 1801 Urbium
761 1723 956 1800 distantiam
998 1749 1115 1798 veram
1147 1753 1225 1802 eum
1261 1723 1323 1800 viae

463 1825 611 1916 Calliae,
645 1853 720 1929 qua
758 1830 871 1902 Roma
901 1820 1111 1900 Florentiam
1147 1825 1323 1916 ducebat,

433 1924 435 1932 ’
465 1955 693 2028 componere.
723 1929 854 2002 Mirum
883 1924 961 1998 ideo
987 1925 1022 1998 in
1061 1953 1143 2024 quas
1168 1929 1324 2026 ambages
1406 1965 1408 1978 ι

465 2029 618 2123 abeant,
646 2054 752 2128 quum
778 2028 819 2100 de
847 2050 1001 2100 veterum
1028 2027 1192 2106 distantiis
1217 2028 1324 2104 sermo

464 2131 532 2207 est.

519 2233 638 2322 Quum
673 2225 801 2302 scilieet
834 2223 870 2300 in
905 2229 1081 2306 Strabonis
1116 2229 1177 2305 lib.
1205 2241 1240 2320 ς.
1278 2228 1326 2320 le,

466 2354 552 2432 gant
578 2327 740 2404 Aretiurn
777 2331 888 2402 Roma
912 2327 1031 2406 distare
1068 2329 1172 2406 stadia
1199 2328 1327 2421 mille,

467 2431 526 2503 l'eu
565 2453 713 2505 raoooo
746 2429 855 2530 passus
908 2432 1132 2533 Apenninum
1170 2429 1281 2508 uersus
1307 2461 1325 2506 .-

467 2529 653 2605 Clurerius
681 2553 797 2630 putat,
833 2531 1029 2608 distantiam
1054 2533 1138 2606 banc
1162 2559 1183 2608 a
1206 2557 1326 2608 monte

466 2631 684 2727 Apennino,
720 2659 788 2706 non
813 2634 855 2708 ab
883 2634 998 2710 Aretii
1034 2632 1129 2708 Urbe
1171 2634 1237 2710 effe
1275 2633 1293 2708 s
1312 2677 1327 2698 ·

366 2742 374 2756 '
467 2733 660 2838 prendant.
700 2735 867 2811 Attamen
895 2736 917 2809 fi
945 2733 1104 2809 milliaria
1142 2737 1327 2824 Romana,

467 2830 593 2933 quibus
615 2834 737 2908 Strabo
760 2839 835 2912 usus
861 2835 928 2927 est,
951 2833 1112 2934 ejusmodi
1136 2861 1264 2934 ponas,
1288 2861 1329 2912 ur

466 2957 532 3034 75.
568 2935 604 3010 in
628 2937 732 3037 gradu
766 2965 835 3020 uno
861 2935 1041 3012 meridiani
1072 2936 1227 3014 Telluris
1245 2963 1329 3012 con·

467 3035 671 3128 rimantur,
706 3065 785 3112 vera
818 3035 973 3134 scriplilie
999 3039 1236 3133 Strabonem,
1273 3048 1331 3114 A·
1407 3007 1408 3078 l

343 3219 349 3234 p
467 3137 680 3216 lironomicis
704 3137 995 3214 observationibus
1023 3138 1220 3217 differentiae
1248 3138 1329 3218 lari·

468 3238 617 3332 rodinis,
642 3241 677 3314 δι
701 3236 927 3337 longitudinis
945 3241 1223 3342 deprehenditur.

522 3343 641 3442 Neque
677 3337 798 3448 aptius¹
824 3337 902 3418 sane
937 3345 1139 3424 recentiores
1174 3347 1333 3518 Geplgra·

1215 3473 1236 3546 p
1266 3469 1276 3520 r

633 4297 1408 4692 *3
