2868 5430
528 319 601 395 294
762 287 791 358 C
813 289 857 358 A
882 295 913 361 P
939 293 1024 360 UT
1076 287 1133 362 ff.

478 442 612 522 babebis
659 438 777 542 gradus
828 411 949 588 ΜΞ..
984 463 1066 541 quot
1091 433 1260 536 Ephesum
1287 439 1335 514 in·

479 645 533 697 tet
558 639 660 716 atque
686 619 866 690 Cuntxam
895 610 990 687 sunt.
1015 610 1125 687 Distat
1163 611 1256 685 enim
1278 615 1342 686 Cu·

479 747 566 797 naxa
595 719 765 811 Babylone
790 713 936 790 dimidio
962 715 1101 814 gradus.
1132 715 1179 786 Et
1200 711 1274 787 sane
1295 740 1345 787 ve·

480 819 619 900 sisimile
645 820 711 906 est,
738 817 864 914 passum
891 842 958 915 quo
990 811 1108 912 primis
1135 813 1341 910 temporibus

480 923 527 1000 uft
563 919 717 996 homines
752 916 827 990 funt
854 914 973 988 Terris
1009 913 1259 998 dimetiendis,
1299 943 1341 989 ιι.

483 1025 618 1122 qualem
641 1015 737 1090 fuiffe
766 1012 865 1113 paffui
891 1013 1099 1099 communi,
1134 1011 1191 1106 qui
1219 1015 1265 1084 est
1294 1041 1348 1110 pe.

484 1128 566 1198 dum
593 1121 763 1201 duorum,
791 1110 979 1212 digitorum
1007 1138 1058 1208 4.
1086 1109 1346 1203 Parmensium,

485 1221 540 1296 feu
574 1218 696 1318 pedum
734 1213 879 1288 duorum
919 1214 1160 1285 Romanorum
1197 1237 1275 1284 cunt
1301 1214 1353 1288 di.

486 1317 628 1408 midio;
653 1341 760 1414 quum
787 1313 915 1410 poffus,
945 1313 1182 1386 Romanorum
1212 1337 1348 1411 tempo.

480 1445 544 1511 re,
580 1415 681 1490 fuerit
719 1411 842 1514 pedum
891 1433 934 1506 5.
970 1417 1235 1486 Romanorum.
1265 1419 1354 1487 For.

483 1547 519 1596 te
542 1517 649 1620 paffus
676 1514 712 1589 bi
738 1517 806 1588 duo
833 1513 934 1588 variis
962 1513 1070 1588 ufibus
1111 1537 1265 1610 tempore
1294 1543 1352 1590 eo.

484 1623 562 1698 dem
601 1615 850 1715 inserviebant3
888 1637 922 1688 ot
949 1615 1086 1688 demum
1125 1613 1228 1712 paffus
1255 1619 1350 1690 Geo-

483 1720 645 1800 metricus
680 1772 691 1810 ,
732 1717 854 1815 pedum
891 1715 1052 1789 videlieet
1093 1735 1126 1807 ς.
1154 1711 1244 1789 solus
1293 1715 1346 1791 fu.

483 1819 639 1926 petiuit,
667 1815 853 1916 ptaefettim
881 1819 1055 1916 postquam
1085 1816 1233 1888 Romani
1269 1842 1352 1891 con.

483 1925 670 1998 struxerunt
693 1944 794 2018 atque
805 1915 1024 1992 Geomettice
1035 1912 1173 1989 dimensi
1187 1914 1267 1990 funt
1281 1919 1354 1992 vias

482 2023 555 2100 suas
573 2023 650 2098 illas
670 2020 831 2094 milliarts
846 2075 857 2109 ,
874 2015 1047 2115 dequibus
1060 2015 1162 2088 verba
1186 2015 1357 2093 fecimus.

533 2125 619 2220 Cyri
657 2119 867 2220 temporibus
899 2113 1000 2190 stadia
1033 2113 1094 2187 illa
1132 2116 1267 2191 minora
1323 2119 1361 2194 in

485 2225 546 2302 usu
572 2220 665 2315 fuiss'e
698 2241 823 2320 potet,
857 2215 976 2288 saltem
1015 2210 1051 2288 in
1075 2215 1226 2291 maxima
1255 2243 1357 2316 parte

486 2325 718 2424 Regionum,
752 2343 835 2415 quos
870 2315 941 2414 ejus
964 2315 1133 2390 exercitus
1160 2318 1314 2414 pervasit
1347 2375 1357 2396 .

487 2422 681 2499 Confirmat
709 2414 850 2513 idipsum
879 2416 1031 2490 mensuro
1059 2418 1176 2516 gradus
1204 2419 1246 2488 ab
1273 2420 1362 2495 Ari.

487 2523 607 2598 ssotele
634 2519 754 2592 statuta
781 2517 794 2612 (
809 2540 883 2614 300
911 2544 989 2592 ante
1018 2521 1134 2592 AEram
1163 2519 1358 2617 vulgarem

487 2619 612 2716 annis)
634 2619 690 2717 qui
718 2618 754 2691 in
780 2617 841 2693 lib.
854 2619 895 2692 de
920 2619 1015 2694 Caelo
1039 2618 1108 2705 ait,
1135 2619 1252 2692 Terrae
1284 2649 1362 2703 am.

486 2720 599 2796 bitum
637 2719 699 2816 effe
743 2745 897 2815 400000
936 2718 1152 2806 stadiorum,
1203 2744 1247 2795 ex
1286 2751 1361 2824 quo

485 2820 613 2895 eruitur
657 2821 777 2920 gradus
821 2845 913 2898 1111
972 2821 1200 2910 stadiorum,
1261 2829 1365 2926 quod

487 2919 666 2996 conforme
694 2921 739 2996 est
764 2921 922 2996 mensuro
949 2921 1154 3010 stadiorum,
1179 2949 1256 3023 quae
1285 2929 1365 3024 Cy.

487 3024 517 3097 ti
541 3047 634 3097 aetare
663 3023 698 3097 in
726 3021 784 3100 usu
809 3022 964 3097 fuerunt.
992 3018 1141 3119 Idipsum
1164 3023 1359 3108 conforme

487 3125 533 3198 est
562 3123 705 3228 iisjquae
740 3123 782 3198 de
808 3124 1006 3199 Alexandro
1041 3149 1165 3222 magno
1204 3125 1361 3206 narrant

486 3225 674 3318 Arrianus,
700 3227 750 3317 Q.
783 3225 963 3316 Curtius,'
981 3221 1113 3298 Plinius
1132 3281 1143 3317 ,
1163 3229 1197 3302 δι
1223 3231 1364 3306 Strabo

486 3349 530 3400 ex
544 3327 713 3426 Diogene,
736 3330 771 3400 δι
791 3329 924 3402 Betono
941 3326 1156 3423 Geomettis,
1181 3327 1242 3429 qui
1261 3332 1365 3406 Ale.

487 3429 653 3508 xandtum
680 3428 812 3534 sequuti
836 3427 931 3512 funt.
993 3449 996 3456 ·

1198 3524 1303 3616 Qua.
