2886 5318
506 265 582 361 2408
705 217 969 336 carde
1017 222 1065 334 ir.

462 367 557 468 plum
593 357 737 462 spatium
786 359 990 460 expandatur
1033 383 1151 458 aqua,
1198 355 1310 434 laeum

380 485 403 538 s
462 489 587 555 creat,
620 461 680 563 qui
715 462 850 536 demum
878 464 931 536 uel
968 485 1024 560 pet
1047 457 1149 534 fluvii
1176 461 1311 534 alveum

464 591 566 665 aquas
592 561 628 638 in
654 589 744 638 mate
768 587 926 639 exonerat
951 563 1048 650 suas,
1081 559 1138 634 uel
1164 558 1312 636 clausam

461 691 607 766 aquam,
631 665 904 765 stagnantemque
933 663 1079 750 retinet,
1107 688 1181 762 quar
1206 687 1312 758 vappa

459 765 553 842 ribus
579 789 712 841 tantum
736 766 848 839 calore
870 763 960 839 Solis
985 761 1113 838 evertis
1135 759 1316 852 imminui·

460 893 537 960 rur,
562 891 601 942 ut
628 865 664 940 in
694 865 780 940 mari
804 891 936 964 quoque
960 863 1151 964 contingit,
1179 863 1234 936 vel
1255 861 1314 936 ab·
1406 921 1425 928 ..

461 969 612 1043 sorbetur
636 965 758 1064 partim
786 992 805 1038 a
830 965 969 1054 Terris,
991 966 1044 1038 vel
1070 991 1129 1061 per
1157 962 1226 1036 vias
1253 960 1317 1036 sub

460 1069 572 1143 Tetra
598 1065 743 1164 pofitas,
768 1089 827 1163 per
852 1065 951 1138 strata
979 1065 1155 1166 argillacea
1182 1065 1238 1138 uel
1266 1065 1315 1138 la·

461 1165 562 1268 pidea
586 1163 716 1264 pergit,
744 1187 783 1237 ut
807 1162 893 1238 insta
916 1163 1086 1238 dicemus.

469 1332 472 1340 .
512 1268 614 1340 Hanc
651 1290 814 1362 vaporum
850 1265 889 1336 ad
925 1289 1057 1338 montes
1083 1264 1314 1339 collectorum

468 1363 604 1465 copiam
629 1363 725 1438 facile
751 1363 1004 1462 deprehendunt
1029 1362 1088 1464 qui
1118 1363 1316 1464 aliquandiu

455 1465 495 1542 in
521 1463 690 1540 altillinris
716 1463 887 1538 montium
925 1463 1013 1566 jugis
1047 1461 1170 1538 uersati
1197 1461 1272 1538 sunt
1299 1519 1312 1554 ,

457 1563 572 1664 ibique
595 1570 695 1668 longe
714 1563 957 1640 ‘uehementius
985 1563 1065 1664 paffi
1090 1561 1166 1640 sunt
1192 1565 1315 1666 frigus,

457 1693 560 1768 quam
585 1665 621 1742 in
649 1665 888 1742 humilioribus
913 1669 1029 1744 Terre
1053 1663 1159 1740 locis.
1188 1664 1308 1740 Media

458 1767 551 1842 enim
585 1763 693 1842 allate
728 1767 935 1858 uodlurnum
968 1764 1073 1868 frigus
1116 1765 1185 1840 line
1217 1764 1305 1868 ignis

459 1895 524 1967 ope
548 1864 584 1941 in
608 1867 684 1942 altis
703 1866 877 1944 montibus
897 1865 974 1942 ferri
995 1869 1056 1941 vix
1078 1868 1211 1968 potest3
1232 1867 1312 1944 Sole

460 1967 600 2042 veroin
628 1969 751 2066 apertis
782 1968 956 2069 planisque
989 1965 1117 2068 canapis
1149 1969 1310 2059 lucente,
1436 2005 1438 2040 t

462 2093 596 2144 montes
624 2069 809 2144 identidem
833 2069 976 2144 nubibus
1004 2067 1217 2166 circumsepti
1243 2095 1311 2144 cer·
1436 2137 1438 2156 ,

463 2193 611 2262 nuntur,
640 2173 730 2270 quod
761 2173 916 2246 locorum
946 2169 1078 2245 sessores
1111 2171 1235 2246 habere
1259 2167 1310 2244 s·

460 2271 534 2346 lent
553 2299 614 2371 pro
635 2297 728 2346 certo
748 2269 869 2370 pluviat
889 2271 1039 2348 instantis
1059 2271 1204 2347 indicio.
1225 2268 1309 2346 ldeo

458 2367 498 2456 ira
521 2371 747 2461 caritatibus,
769 2399 842 2473 quae
860 2372 894 2446 in
916 2373 1081 2447 montium
1106 2372 1193 2473 jugis
1213 2370 1310 2466 sunt,

460 2468 522 2540 nix
551 2469 660 2542 medin
688 2470 797 2543 aestate
827 2471 997 2561 servatur,
1018 2495 1056 2546 ut
1075 2498 1194 2564 omnes
1218 2499 1309 2548 mons

461 2567 549 2641 rium
571 2568 776 2661 incolae,vel
797 2570 856 2671 qui
878 2595 934 2644 eos
967 2570 1136 2663 invisere,
1159 2599 1307 2651 norunt.

511 2671 633 2764 Neque
652 2669 688 2742 in
711 2675 847 2768 Europa
876 2671 979 2744 modo
1010 2672 1117 2748 nostra
1148 2675 1196 2752 cis
1219 2679 1308 2752 Can·

459 2767 508 2839 cri
528 2767 721 2866 Tropicum
744 2769 829 2859 fita,
858 2795 990 2846 montes
1020 2773 1148 2850 madidi
1180 2777 1308 2878 vapori·

462 2869 523 2942 bus
545 2867 650 2942 liunt.
680 2870 745 2943 Vir
765 2869 858 2946 enim
890 2898 998 2948 rerum
1031 2875 1219 2977 hujusmodi
1253 2905 1307 2976 pe·

459 2967 633 3045 ritilsrmns
660 2969 860 3046 Edmundus
882 2975 1061 3073 Hallejus,
1087 2977 1145 3076 qui
1181 2975 1239 3052 diu
1271 2976 1308 3052 in

458 3071 586 3146 Sanslae
606 3072 746 3148 Helenae
767 3072 880 3149 Insula
897 3101 1124 3178 commotartp
1143 3075 1189 3152 est
1211 3104 1309 3168 ,nar-

461 3195 512 3246 rar
533 3171 612 3273 saepe
633 3172 665 3248 se
686 3174 791 3250 noslu
817 3173 852 3248 in
877 3177 1002 3252 uertice
1036 3176 1191 3272 montis,
1215 3176 1309 3278 supra

462 3274 564 3346 maris
583 3273 788 3376 superficiem
821 3301 918 3375 2400
946 3277 1084 3378 pedibus
1115 3279 1198 3370 alti,
1227 3281 1305 3356 dum
1431 3295 1436 3332 ¹

417 3444 435 3456 ,
461 3371 714 3456 Assronomicis
744 3377 1035 3474 observationibus
1073 3405 1211 3482 operam
1251 3381 1306 3454 dt·
1429 3456 1432 3465 .

1184 3503 1259 3572 ret,
1299 3497 1306 3508 ·
