2868 5430
567 192 777 266 PHrsrcAE
804 191 1068 268 maricula.

471 294 619 396 Savum,
645 289 1007 393 Drinumquaamnes,
1034 297 1069 371 &

471 419 543 470 tes.
572 391 698 492 Aliqui
723 393 828 466 etiam
853 393 921 466 hac
956 394 1070 468 omnir

470 519 535 594 pue
572 495 655 570 duas
681 491 813 589 priores
839 517 947 590 partes
970 497 1072 576 Dalm

469 599 537 672 late
561 591 698 694 sumpto
723 590 1032 692 comprehendunt.

521 695 629 772 VIII.
659 695 781 770 Gracia
821 695 957 791 antiqua
995 695 1074 795 apul

469 793 531 890 lib.
564 821 595 872 1.
625 797 800 883 Meteon,
838 794 1033 870 continebat
1059 799 1075 875 l

471 892 672 984 caloniam,
712 893 905 993 Achajam,
945 893 1075 996 Pelopo

469 993 538 1098 poll
551 995 757 1090 Byzantium
783 995 916 1070 accellit
940 995 1077 1073 Thracia

472 1097 552 1174 Afia
578 1096 704 1172 minori
730 1119 805 1196 pars
830 1095 923 1184 illa,
947 1119 1018 1192 quae
1043 1101 1076 1178 G

472 1225 509 1272 ca
531 1196 597 1270 dici
624 1193 760 1296 coepit,
797 1196 891 1270 &in
932 1196 1031 1282 Italia
1058 1201 1079 1277 S

473 1297 630 1374 Calabria
655 1297 827 1398 superior,
852 1295 943 1370 diaa
969 1319 1080 1399 magna

465 1395 521 1476 hic
581 1398 692 1496 ampla
727 1399 810 1473 adeo
843 1423 913 1470 non
955 1397 1081 1496 accipiar

473 1501 596 1598 tione3
623 1495 677 1570 sed
702 1521 808 1595 neque
834 1495 935 1594 prelle
958 1521 1020 1595 pro
1039 1501 1082 1572 Gr

471 1599 563 1674 diaa
579 1650 590 1683 ‚
610 1621 681 1695 quae
697 1595 902 1673 Thellaliam
914 1647 924 1686 ,
937 1599 1083 1672 Hellade

475 1695 658 1794 capiebat,
683 1720 717 1770 at
741 1695 858 1769 medio
881 1699 986 1774 modo
1012 1697 1079 1774 fere

478 1798 553 1884 nis,
577 1793 636 1895 qui
662 1797 825 1870 Graeciam
850 1796 993 1874 divisere
1017 1796 1084 1874 bila

478 1923 519 1997 pe
546 1897 581 1971 in
611 1895 873 1990 Macedoniam,
899 1897 957 1974 sub
984 1925 1087 1975 eaeo

480 2019 532 2072 tes
560 1997 803 2074 Macedoniam
833 1999 967 2100 proprie
990 1999 1088 2074 dista

478 2097 721 2190 Thessaliam,
744 2097 798 2173 cui
824 2101 1089 2176 addimusThrar

477 2199 629 2298 chalam,
653 2195 789 2298 subqua
806 2199 1090 2296 comprehendeba

478 2299 533 2376 seu
560 2299 773 2388 Helladem,
801 2303 837 2372 &
862 2297 1091 2397 Peloponnesia

478 2397 748 2498 cumjacenribus
776 2397 916 2482 Infulis.

528 2505 592 2578 lx.
622 2503 795 2602 Hungaria
820 2498 972 2582 continet
1010 2501 1093 2576 Pam

478 2597 626 2694 rimam,
652 2603 703 2678 cui
732 2625 906 2702 tamquam
934 2600 1083 2700 potiori,

474 2731 517 2780 co
544 2703 641 2804 juret,
673 2703 727 2777 sed
761 2701 1002 2808 Geographico
1027 2731 1093 2778 ann

478 2805 590 2894 eiam,
618 2803 751 2901 ejusque
779 2831 917 2902 partem,
936 2804 1092 2880 Tranfilv

479 2903 649 2989 lachim,
689 2905 909 3002 Bulgariam‚
948 2905 1092 3000 Mysiam

357 3109 363 3114 ι
480 3001 549 3102 legi
574 3001 705 3098 pollunt
732 3001 923 3077 Aullores.

530 3105 575 3186 xa
600 3099 735 3172 Palania
763 3123 840 3174 cum
870 3103 1026 3194 Pruffia,
1063 3105 1094 3179 L

478 3196 603 3296 dolia,
640 3197 835 3315 Potllaffia,
873 3203 1059 3303 Samogitia
1082 3258 1094 3296 ,
