2930 5272
518 228 595 302 344
719 201 749 271 C
772 205 813 274 A
838 197 884 272 P
896 203 981 273 UT
1029 199 1083 278 V·
1173 201 1212 262 ἰ’

465 297 1001 412 ·F1uidnnhocimpreffi0ni
1037 301 1184 393 cedere,
1215 305 1318 381 8<
1288 335 1318 420 ¹.

463 399 552 502 psius
578 427 689 502 partes
715 398 815 474 facile
851 425 983 473 moveri
1008 427 1110 476 nemo
1136 359 1214 495 eri,
1246 406 1307 506 qui

463 524 642 580 momento
665 498 797 614 quovis
817 501 978 600 temporis
1003 527 1069 575 non
1105 503 1318 620 experiatur

464 605 615 678 Grauem
650 601 755 679 etiarn
779 622 890 676 aetem
925 603 989 676 elie
1016 604 1200 699 probatur,
1241 605 1321 704 quit

464 727 659 778 caterotum
687 699 875 778 fluidorum
907 721 1123 801 corporum,
1147 727 1185 778 at
1209 708 1245 778 δι
1271 705 1319 778 sa·

464 801 613 879 lidorum
638 801 763 918 premit
790 799 1019 919 superficient,
1042 756 1151 878 fluitia
1181 802 1317 881 sustinet

461 901 501 976 in
527 902 642 1014 tubis,
664 904 698 974 &
725 900 831 976 solida
837 901 1042 1004 contingit,
1062 904 1314 1004 tonneEiitque,

421 1045 424 1052 ·
460 1023 497 1076 ut
523 1000 558 1074 vi
585 1026 707 1114 magpa
736 1001 824 1076 inter
837 997 882 1075 se
902 1005 1114 1078 cohaereant.

511 1104 591 1176 Hoc
614 1099 697 1180 aeris
724 1105 872 1196 pondua,
899 1129 941 1174 ex
967 1127 1034 1200 quo
1058 1129 1078 1178 a
1104 1101 1310 1177 Torticeilio

460 1199 607 1313 primum
634 1201 803 1276 renerum
831 1203 908 1292 est,
945 1224 1052 1274 totam
1093 1201 1187 1295 Phys
1190 1227 1235 1275 cae
1261 1201 1313 1277 fa

317 1355 318 1362 ι
460 1297 548 1376 cient
568 1303 700 1400 penitus
728 1256 946 1392 immutavit
971 1299 1052 1374 adeo
1074 1324 1230 1401 utquum
1255 1330 1319 1378 an·

460 1425 515 1475 tea
538 1403 615 1478 effer
651 1405 706 1476 vel
732 1356 946 1478 obscuratuni
981 1427 1105 1476 uocum
1145 1399 1312 1477 obscuris-

462 1502 584 1578 simum
614 1501 889 1602 distionnium·
916 1506 972 1578 vel
997 1503 1234 1602 hypothefibus
1257 1503 1310 1577 so·

459 1591 664 1718 lummodo
656 1605 874 1696 inniteretur,
901 1631 974 1705 qua
1001 1629 1037 1677 ut
1048 1607 1199 1680 humanat
1216 1629 1313 1680 men·

459 1703 505 1780 tis
529 1705 776 1796 deliramenta,
798 1729 897 1802 atque
919 1703 1049 1778 somnia
1065 1705 1175 1804 sunt3
1203 1705 1314 1785 netad

458 1804 628 1897 summum
653 1761 816 1880 tentaridu
838 1809 873 1879 δι
897 1806 1073 1919 querendo
1099 1807 1194 1880 uiam
1223 1805 1310 1880 indi·
1438 1797 1439 1862 i

459 1931 538 1982 caut
590 1932 668 1980 uam
695 1902 786 2004 sequi
826 1927 945 1978 natura
978 1903 1014 1978 in
1048 1902 1115 1978 suis
1149 1905 1322 2004 operibus·

458 2004 559 2106 potui
607 2033 642 2080 t:
668 2033 709 2082 eo
732 2003 858 2082 caestu
876 2003 943 2095 fit,
967 2028 1004 2080 ut
1028 2029 1184 2080 naturam
1210 2033 1316 2121 expe-

457 2107 615 2181 rimentis
637 2104 956 2206 interrogando,
923 2129 1016 2182 vtum
1041 2131 1156 2182 verant
1183 2105 1316 2206 aperiat

457 2231 559 2321 quam
587 2207 679 2309 sequi
705 2234 826 2282 natura
869 2207 1054 2298 voluerit,
1102 2205 1204 2306 idque
1241 2231 1313 2277 non

458 2307 647 2378 divinando
676 2309 826 2404 praestet,
854 2307 908 2382 sed
937 2261 1180 2414 experiundo.

505 2404 568 2474 Sed
596 2403 690 2512 agite
712 2409 780 2500 jam
808 2405 896 2481 aeris
920 2407 1051 2502 pondus
1069 2398 1310 2514 experimentis

454 2498 728 2576 luculentiffimis
763 2505 1004 2593 ostendamus,
1040 2528 1113 2600 quae
1148 2525 1218 2574 rem
1255 2501 1305 2577 ita

454 2597 691 2700 persuadeant,
726 2625 763 2675 ut
790 2597 912 2675 murusr
936 2599 1165 2674 solummodo
1183 2600 1310 2676 diffici-

453 2699 564 2797 lesque
599 2697 817 2794 Pyrrhonici,
839 2699 962 2798 quibus
997 2700 1088 2775 nihii
1133 2699 1306 2800 antiquius

454 2800 515 2874 est
514 2825 625 2900 quam
651 2799 978 2892 intolerabiiifestu,
1001 2801 1185 2878 certiffirna
1213 2827 1311 2898 quae-

455 2927 542 3000 que,
576 2899 769 2976 sitantum
793 2899 853 3000 ipsr
889 2899 1050 3001 posteat,
1083 2899 1306 2992 liberaum,

456 3005 493 3078 δι
518 3001 692 3077 nutantia
707 2992 872 3095 redditu
862 3001 1102 3123 Pyrrhoniei
1128 3001 1221 3093 soli,
1259 3001 1310 3074 in-

455 3129 593 3202 quam,
626 3103 716 3176 de
693 3129 737 3178 ιιι
764 3097 926 3178 dubitare'
941 3102 1051 3179 adhuc
1077 3103 1108 3178 se
1143 3057 1231 3203 poife
1256 3100 1309 3175 di-

454 3203 601 3304 &iter'rt3
624 3204 705 3280 dum
731 3202 856 3280 conscii
885 3229 998 3282 tamen
1036 3205 1096 3279 fibi
1121 3203 1182 3303 ipsr
1208 3199 1302 3286 sunt,

454 3301 487 3377 fe
512 3269 633 3381 sentite
656 3307 746 3408 quod
773 3301 940 3406 sentiunt,
968 3303 1000 3382 se
1028 3251 1302 3500 ιιιιιοιιιιιιιιιιᾶ
1438 3315 1439 3340 ¹
