2922 4306
473 309 545 404 ²38
672 295 932 369 carun
983 295 1030 364 n.

309 461 313 470 .
424 407 577 480 Galliam
619 397 752 472 secante
788 395 963 496 sumpta,
1002 389 1255 472 confirmabant
1278 401 1308 474 ι’

476 501 654 578 Mairanus
691 521 850 596 preterea
883 519 1121 593 argumentum
1162 524 1181 573 a
1212 525 1292 598 pen.

429 607 588 682 dolorum
615 597 873 686 retardatione,
899 593 953 668 seu
977 621 996 668 a
1022 597 1207 694 gravitatis
1234 599 1294 676 im·

429 705 619 780 minutione
645 723 748 800 prope
791 699 1017 798 AEquatorem
1043 699 1237 776 derivatum
1264 729 1298 776 e·

430 808 543 907 gregie
572 801 747 890 resoluit,
788 799 1047 872 demonstrando
1083 799 1237 893 scilicet,
1262 799 1298 878 itt

431 903 620 1008 Sphaetoide
650 901 756 976 etiam
779 900 930 997 oblonga
954 897 1025 974 vim
1051 900 1299 1004 centrifngam,

432 1031 600 1108 quatenus
632 1001 816 1104 opponitur
855 997 1045 1100 gravitati,
1085 1029 1104 1077 a
1134 1006 1226 1078 Polis
1250 1008 1292 1078 ad

436 1115 660 1206 AEquatorem
687 1099 799 1204 augeri
810 1131 832 1192 ,·
854 1101 999 1200 ideoque
1017 1102 1153 1200 penduli
1180 1104 1296 1178 uibra-

438 1211 567 1298 tiones,
581 1210 622 1280 ad
649 1209 869 1304 AEquatorem
896 1203 1080 1275 accedendo
1093 1203 1295 1292 ,retardari‚

299 1360 301 1369 .
435 1315 472 1386 &
499 1306 635 1410 penduli
664 1301 914 1404 longitudinem
942 1327 1043 1401 prope
1071 1307 1295 1405 AEquatorem

437 1409 705 1486 imminuendam
732 1405 826 1493 esse,
857 1425 897 1477 ιιι
921 1405 1072 1494 eodem,
1107 1433 1175 1506 quo
1201 1407 1297 1481 Pati·

438 1511 494 1586 stis
507 1533 680 1606 ,tempore
697 1504 932 1581 oscillatetur.
956 1509 1072 1580 Immo
1092 1503 1297 1582 demonstra·

445 1612 496 1686 vie
519 1635 655 1710 quoque
682 1605 796 1706 augeri
824 1605 936 1708 magia
952 1603 1026 1680 nim
1054 1605 1298 1710 centrisugam,

440 1715 477 1788 u
504 1711 643 1811 proinde
672 1709 780 1810 magis
804 1706 963 1784 imminui
1002 1705 1075 1784 vim
1102 1709 1298 1810 gravitatis,

440 1811 611 1914 magisque
639 1807 907 1886 imminuendam
945 1809 1080 1906 penduli
1117 1811 1303 1912 longitudi-

440 1939 519 1988 nena
534 1915 569 1986 in
595 1915 719 1988 accessu
742 1913 782 1984 ad
808 1923 1023 2008 AEquatoteen
1046 1911 1081 1985 in
1109 1911 1302 2012 Spltaetoide

440 2017 611 2114 oblonga,
636 2039 738 2116 quam
765 2013 863 2085 simili
890 2011 1044 2102 accessu,
1073 2039 1132 2112 pet
1158 2015 1301 2114 aequales

440 2115 565 2191 scilicet
591 2117 715 2214 gradus
742 2113 777 2188 in
804 2111 927 2214 sphaera
956 2113 1123 2210 persedit,
1151 2117 1187 2189 de
1216 2115 1301 2187 mul·

439 2241 477 2390 po
500 2218 604 2292 adhuc
644 2216 752 2316 magis
777 2236 881 2316 quam
920 2208 957 2284 in
985 2211 1108 2316 sphaera
1134 2211 1324 2316 compress

455 2349 497 2394 a.

488 2417 546 2491 Ad
576 2443 647 2492 rem
683 2415 838 2492 intimius
874 2415 1176 2520 cognoscendam,
1214 2441 1296 2493 oon·

440 2517 704 2620 trovetsamque
745 2517 830 2591 hauc
869 2539 1010 2596 omnem
1051 2521 1183 2620 penitus
1219 2517 1303 2592 diri·

424 2623 622 2711 mendam,
650 2647 734 2719 opus
745 2646 816 2696 erat
831 2619 915 2696 duos
943 2619 1094 2704 conserte
1118 2616 1299 2696 meridiani

441 2723 582 2822 gradus,
605 2745 749 2822 quorum
774 2721 968 2796 latitudinis
1006 2721 1192 2798 differentia
1228 2745 1300 2794 ma·

441 2824 536 2896 xima
562 2823 648 2895 inter
672 2822 845 2916 poffibiles
868 2824 972 2898 esset.
1014 2829 1106 2902 Nam
1132 2821 1153 2896 st
1181 2845 1298 2894 reuera

442 2922 563 3020 gradus
587 2921 629 2996 ub
657 2925 842 3022 AEquatore
871 2925 910 2996 ad
932 2925 1034 2999 Polos
1056 2919 1300 3011 decrescerent,

443 3021 564 3122 exigua
599 3023 746 3096 nimium
785 3023 978 3099 uicinorum
1020 3031 1178 3129 graduum
1221 3021 1303 3096 inae·

444 3122 709 3298 quapirapsaeipp
736 3147 810 3196 eum
837 3121 1112 3299 osbservppionpm
1129 3123 1300 3303 erpotibrps

444 3247 606 3296 cononi
656 3247 823 3314 oer‚·at
867 3251 876 3296 1
929 3250 1140 3304 rausrntet
1182 3253 1301 3303 eco-

447 3319 509 3392 laei
536 3249 686 3396 maxirite
714 3323 872 3396 distarent
900 3253 942 3398 agb
970 3326 1152 3424 invitem,
1179 3351 1303 3430 magna

433 3417 521 3494 ideo
545 3445 661 3497 eorum
692 3422 898 3522 inequalitas
923 3423 1025 3518 esser,
1052 3431 1086 3502 lle
1113 3431 1216 3506 facile
1247 3432 1304 3504 de·

1178 3555 1251 3628 pte·
