2910 5404
233 255 445 328 nursica:
468 255 840 327 rernrrconamt
866 281 936 356 231

131 355 293 433 omnibus
321 377 406 425 vera
434 352 582 465 propior
599 354 800 450 deprehensa
838 357 920 458 est3
959 386 994 436 ar
1033 423 1035 429 s

129 470 239 555 quum
274 454 344 548 ejus
383 451 607 552 praecellentia
645 454 744 528 nullo
794 425 920 531 modo
932 459 991 534 de·

128 555 396 643 monstraretur,
422 579 543 668 neque
569 579 613 628 ex
646 554 845 646 methodis,
893 556 992 634 uibus

133 681 208 728 eam
234 653 393 742 invenit,
420 650 455 726 id
479 654 676 728 ullomodo
705 655 845 753 posset
834 585 990 734 inserti:

136 755 223 830 aliis
241 753 361 867 utilior
386 779 424 827 ta
452 753 606 828 mensura
631 755 784 854 profesio
806 783 882 832 non
900 785 995 849 erar,

135 881 240 968 quum
269 854 358 930 tatio
394 855 487 928 nulla
511 881 705 954 appareret,
732 881 866 956 propter
891 885 994 959 quam

135 955 290 1032 aliorum
317 955 482 1030 mensuris
506 955 563 1029 illa
590 981 856 1071 preponeretur.

186 1063 292 1131 Anno
320 1054 465 1155 1635.
455 1083 490 1130 ιιι
503 1056 644 1170 Argita
658 1053 879 1135 Norwoodus
905 1049 993 1133 sum·

132 1185 189 1232 ma
214 1157 414 1256 diligentia,
439 1155 637 1256 optimoque
666 1157 894 1234 instrumento
917 1187 992 1261 gra

130 1259 250 1336 dum
241 1258 375 1334 invenit
401 1261 415 1354 (
444 1258 692 1332 Londinum
681 1284 774 1334 rnter
798 1262 834 1333 &
861 1261 993 1335 Ebora

132 1379 210 1434 cum
240 1361 254 1454 )
292 1383 362 1456 573
368 1382 419 1435 00
444 1357 676 1433 Paristeosrum
700 1360 968 1459 hexapedatum.

182 1464 246 1538 Sed
269 1487 391 1575 omnes
423 1459 484 1558 qui
522 1487 599 1536 eum
636 1461 863 1573 praecefferant
891 1462 993 1560 longe

128 1560 314 1636 antevertit
356 1560 417 1634 Pi
408 1560 567 1651 cardus,
604 1561 665 1661 qui
704 1586 740 1632 ro
765 1561 899 1639 Gallia
915 1588 990 1658 per·

128 1659 313 1737 settiffimo
339 1616 568 1734 inssrunrentti
591 1659 733 1756 gradum
752 1685 857 1734 ununt
884 1662 898 1756 (
912 1663 995 1734 Mu·

91 1817 95 1824 r
132 1757 370 1836 invicinum
361 1781 450 1832 rnter
485 1762 520 1834 δι
553 1757 867 1852 Ambianum)
857 1760 995 1865 invenit

131 1863 262 1958 57060
291 1856 394 1933 Paris
419 1859 540 1959 hexap.

183 1962 302 2052 Quum
325 1957 409 2058 dilip
401 1985 469 2058 ens
508 1954 657 2034 Piecardi
684 1957 864 2032 methodus
889 1957 996 2032 dime-

132 2062 278 2153 tiendi,
317 1987 554 2156 motionesque
590 2083 719 2137 omnes
736 2058 779 2156 ab
807 2057 879 2156 ipso
904 2061 995 2134 adhi

126 2163 209 2239 bita
234 2117 398 2239 orianibus
424 2188 480 2260 per
484 2160 679 2248 suaderent,
707 2160 780 2258 ejus
802 2157 992 2234 mensuram

127 2261 289 2340 omnium
330 2259 603 2375 persesiissimaor
645 2215 707 2332 esse
738 2260 991 2377 ,Ludovicup

128 2369 245 2455 XIV,
283 2385 320 2439 re
355 2365 392 2439 δι
436 2362 577 2436 nomine
614 2316 795 2460 Magaris,
831 2359 998 2442 seientia·

125 2493 230 2558 rum,
258 2462 517 2562 Dosiorumque
545 2460 711 2535 Virorum
737 2463 904 2536 Maecenas
923 2489 995 2537 mu·

43 2617 51 2644 η
124 2563 426 2651 nificentiffimus‚
450 2563 585 2652 statuit,
625 2586 661 2634 ut
689 2561 806 2662 Regia
831 2561 994 2638 Scientia

126 2697 205 2748 rum
230 2665 432 2742 Academia
456 2661 590 2738 Socii
581 2685 747 2778 mtegram
773 2664 894 2742 Gallia
916 2668 994 2740 Me·

126 2771 296 2847 ridiananr
318 2767 437 2842 eadem
459 2764 624 2842 methodo
647 2764 869 2840 metirentur·
857 2763 992 2866 ‚quod
1065 2841 1077 2866 ‚

128 2870 286 2946 Casstnua
311 2891 403 2942 anno
435 2871 530 2966 1718
560 2864 722 2966 persecir.
761 2831 993 2948 Meridiaoam

131 2973 218 3044 hanc
246 2992 358 3056 totam
377 2970 532 3044 Caffinus
557 2966 626 3068 ipse
649 2965 843 3042 diviserat
835 2993 870 3038 ιιι
897 2990 994 3040 arcus

133 3072 257 3146 duos.
295 3067 397 3158 Qui·
418 3069 604 3144 Parisios
595 3091 687 3142 mter
735 3071 771 3142 &
814 3065 995 3140 Collinum

131 3170 208 3256 est,
232 3169 375 3266 gradum·
392 3166 550 3240 exhibuit
579 3193 702 3268 §7097
726 3165 994 3264 hexaptdaturnp

130 3269 192 3370 qui
220 3293 302 3345 reto
329 3267 375 3340 est
401 3266 575 3344 Parisios
564 3295 680 3362 enter,
704 3291 807 3363 atque
825 3263 991 3340 Dunkent

132 3397 199 3470 que
225 3348 472 3469 heitapedarurn
500 3371 657 3467 569603
703 3390 793 3440 totus
827 3391 909 3438 vtro
935 3363 991 3440 in
1123 3431 1132 3448 ,

547 3475 574 3542 Ρ
622 3497 649 3563 4
849 3489 941 3564 teger
