2886 5318
377 221 582 295 rursum
604 223 978 296 murmuraturi
1004 245 1075 323 373

275 319 367 396 iiiam
391 323 622 408 diametrum,
650 319 777 420 inqua
805 346 885 396 tuuc
912 326 1010 398 Luna
1037 325 1125 414 etit,

275 423 312 496 ad
338 421 478 520 angulos
504 419 613 494 reuos
636 417 811 494 intersecat
822 452 844 513 ,·
867 445 1013 521 tuncque
1039 451 1125 522 aqua

276 523 339 596 erit
365 519 415 594 ibi
441 519 476 592 in
501 525 528 592 F
558 517 758 612 altiffima;
792 521 926 619 &post
964 522 1020 599 sex
1045 525 1128 598 alias

230 687 233 692 .
276 623 372 694 horas
398 645 476 694 cum
516 619 571 696 12'
595 619 660 693 erit
696 621 784 694 uitta
820 622 983 720 pundium
1018 627 1054 696 H
1092 624 1128 698 in

276 719 443 794 diametro
470 719 612 794 vorticis
644 775 654 809 ,
683 719 719 794 in
751 747 818 820 qua
841 725 939 796 Luna
973 725 1043 812 est,
1071 723 1128 796 ubi

279 847 365 920 aqua
390 820 453 894 erit
480 819 728 918 quamminime
753 824 849 898 alm:
891 825 977 898 clare
1004 822 1131 898 intelli·

219 927 221 931 ’
277 922 367 1020 gitur
394 948 514 1020 aquam
540 922 642 995 maris
674 919 810 1020 singulis
840 945 884 998 12
923 922 1016 997 horis
1050 949 1130 996 cum

276 1021 384 1194 24'din
410 1048 479 1096 uno
504 1022 688 1120 eodemque
712 1023 789 1096 loco
805 1019 937 1112 fluere,
964 1028 998 1098 δε
1014 1019 1133 1097 reflue-

275 1147 311 1196 te
358 1123 477 1196 ebere.

326 1223 520 1298 Notandum
555 1223 603 1298 est
640 1223 726 1298 hunc
761 1225 927 1314 vorticem
965 1225 1132 1298 ABCD

228 1321 248 1356 '
278 1349 345 1396 non
372 1324 434 1398 eise
462 1350 616 1399 accurate
644 1325 850 1414 rotundum,
877 1325 931 1400 sed
954 1352 1030 1400 eam
1058 1324 1130 1420 ejus

277 1424 504 1511 diametrum,
531 1425 568 1498 iu
594 1450 660 1522 qua
683 1429 784 1500 Luna
808 1424 989 1512 versatur,
1024 1451 1130 1522 quum

277 1523 323 1598 est
351 1529 457 1598 Nova
485 1525 543 1596 vei
571 1525 696 1610 Plena,
735 1524 926 1599 breviorem
954 1526 1020 1598 effe
1047 1525 1130 1614 iila,

273 1650 347 1722 quae
386 1621 490 1719 ipsam
532 1621 618 1696 seete
655 1623 694 1694 td
734 1623 873 1720 ungulos
900 1621 1036 1696 reuos.
1076 1627 1131 1698 Ex

274 1749 341 1820 quo
368 1721 518 1820 sequitur
541 1719 681 1811 fluxus,
705 1724 740 1796 δι
767 1718 920 1794 refluxus
946 1723 1049 1796 maris
1073 1725 1131 1796 de·

277 1825 354 1896 bere
379 1823 446 1896 effe
474 1823 640 1918 majores,
675 1849 781 1922 quum
808 1823 907 1896 Luna
933 1825 1035 1898 Nova
1063 1823 1130 1911 est,
1175 1837 1181 1850 '

274 1928 332 1997 vel
362 1923 495 2007 Plena.
518 1949 618 2019 quam
647 1922 851 2016 temporibus
878 1921 1106 1998 intermediis.

171 2041 172 2048 ’
216 2045 225 2058 “
330 2025 529 2099 Notandum
558 2024 661 2098 etiam
690 2025 736 2097 est
758 2027 893 2098 Lunam
917 2022 1045 2122 semper
1064 2025 1130 2100 etse

274 2123 311 2200 in
340 2126 466 2222 plano,
493 2123 665 2224 Ecliptirae
693 2123 827 2212 vicino,
854 2127 996 2198 Terram
1017 2149 1130 2198 autem

277 2250 376 2300 motu
411 2225 531 2300 diurno
569 2225 747 2304 secuudum
783 2229 918 2326 planum
946 2225 1134 2322 AEquatoris'

268 2325 431 2402 :converti
446 2354 462 2396 .·
487 2353 560 2425 quae
586 2329 653 2403 duo
681 2331 778 2428 plana
806 2326 843 2400 in
871 2323 1081 2423 equinouiis
1100 2323 1132 2399 se

273 2427 495 2518 intersecant,
525 2428 560 2501 iu
585 2427 733 2504 solstitiis
760 2449 872 2502 autem
898 2425 1047 2503 muitum
1087 2429 1129 2500 ab

277 2529 429 2604 invitem
457 2530 581 2605 distant
602 2563 624 2623 ;
656 2533 743 2604 unde
770 2525 1131 2628 sequitur‚‘maxim0t

274 2629 365 2704 ustus
393 2630 494 2704 maris
519 2631 582 2704 effe
608 2633 731 2708 debere
755 2628 843 2706 ciret
879 2627 981 2702 initia
1008 2628 1129 2716 Veris,

272 2733 308 2802 ἃ
336 2731 525 2806 Autumni.

328 2833 486 2906 Praereret
515 2835 696 2910 notandum
723 2833 800 2923 est,
826 2831 906 2906 dum
929 2835 1040 2906 Terra
1067 2829 1131 2902 fer·

277 2951 332 3004 tur
356 2935 396 3006 ab
422 2937 452 3004 E
479 2959 536 3031 per
561 2937 588 3004 F
615 2934 724 3008 versus
746 2938 811 3023 G,
850 2936 919 3007 five
944 2933 985 3007 ab
1010 2928 1130 3003 occasu

274 3029 312 3102 in
346 3056 481 3119 ortum,
518 3057 608 3129 aquae
645 3057 810 3108 tumorem
837 3038 946 3131 plu,
979 3030 1130 3125 itemque

273 3129 362 3205 teris
390 3155 559 3203 tumorem
586 3134 734 3224 XQR,
757 3133 815 3232 qui
832 3127 1024 3226 tune-ptrti
1039 3129 1128 3198 Tet-

274 3257 319 3305 rae
345 3237 376 3306 E
403 3229 623 3320 incumbunt,
663 3235 826 3330 paulatim
852 3237 891 3306 td
923 3229 992 3326 ejus
1020 3251 1127 3325 partes

277 3332 388 3436 magis
414 3330 630 3410 occidentales
656 3357 822 3506 migrare,
847 3334 895 3408 ira
919 3353 959 3404 ut
983 3325 1054 3501 poli
1071 3323 1128 3400 sex

732 3459 750 3505 a
800 3461 821 3530 3
1048 3455 1083 3502 ο·

198 4448 204 4455 ι

177 4494 185 4503 ι

193 4728 201 4743 N
