2918 5378
229 175 411 283 rurnc'AE
436 167 804 280 rmurrcutmnrs
841 179 911 300 η,

150 313 199 386 bus
218 297 450 397 circumrotari}
487 308 577 398 quod
602 302 623 373 st
649 301 764 388 dicas,
791 303 857 398 jam
893 307 962 382 nul·
988 321 995 334 ,

145 417 190 490 lus
212 403 329 503 superest
355 400 473 473 tanoni
499 401 706 500 Kepleriano
734 405 857 491 lotus,
899 407 958 502 qui
1058 438 1064 448 ·
1101 467 1106 475 ,

142 515 174 590 in
210 505 276 580 solis
320 499 514 598 corporibus
563 527 658 574 extra
709 503 961 600 atmosphaeram

142 598 302 686 constitutis
323 603 432 675 locum
461 603 579 676 hubert
602 601 828 699 comperitur.

182 710 263 781 Num
303 713 345 778 ἐκ
382 728 589 776 cometarum
625 704 740 776 caudis
774 709 961 778 aSaturno

140 803 343 891 nutatim&
371 801 405 874 vi
434 803 623 902 centrifugt
650 802 705 880 sua
732 806 771 880 nd
795 813 962 879 tertamtt

136 913 260 988 Saturno
282 903 468 980 distantiam
493 903 667 1003 superus,
698 931 776 982 tum
805 907 963 998 Mauper·

135 1007 244 1102 tuifio,
273 1005 408 1084 Saturni
437 1009 578 1082 annulus
602 1003 751 1086 derivari·
773 1006 909 1102 potest?

174 1109 257 1186 Num
295 1105 413 1188 'crustu
445 1105 605 1184 Saturniae
654 1133 726 1206 pars
760 1106 827 1182 dici
863 1103 966 1204 potest

129 1212 211 1308 juxta
244 1207 395 1282 Burnetti
430 1209 639 1306 hypothesrm
676 1209 711 1282 in
749 1206 803 1284 sua
831 1207 965 1282 theoria

130 1310 208 1387 sucta
232 1307 403 1408 Telluris;
441 1309 555 1392 solidis
591 1309 682 1385 enim
716 1310 873 1408 >patribus
906 1334 967 1382 an·

126 1411 377 1492 uulustonsstre
406 1409 572 1502 videtur,
614 1411 695 1510 quia
736 1411 861 1486 vivum
885 1409 970 1484 adeo

124 1513 225 1592 lumen
252 1509 419 1593 restruit?

17 1669 22 1681 .
172 1614 310 1684 Maculae
347 1611 383 1681 in
418 1617 561 1684 Saturno
588 1612 686 1684 nullae
725 1609 864 1686 demam
890 1608 965 1684 sunt

120 1712 161 1783 ob
180 1707 359 1779 maximam
379 1705 466 1780 sorte
497 1707 566 1800 ejus
586 1735 605 1778 a
624 1711 731 1780 Terta
750 1707 962 1780 distantiam.

364 1908 415 1974 De
440 1907 578 1976 Saturni
603 1908 719 1976 Motu.

167 2105 270 2199 Quod
291 2105 338 2190 ,ad
365 2105 498 2183 Saturni
526 2129 659 2183 motum
674 2104 821 2198 attinet,
844 2129 969 2203 quam«

118 2207 168 2284 vit
203 2233 260 2305 per
291 2206 481 2306 epicyclum
527 2209 687 2304 explicari
728 2206 797 2307 ipse
836 2205 973 2306 poffit.

117 2309 216 2409 lunge
254 2334 363 2384 tumen
401 2308 525 2384 melius
559 2309 749 2407 explicatur
778 2309 790 2406 (
818 2309 910 2408 quod
936 2309 973 2380 8t

118 2412 158 2488 de
186 2411 338 2496 Plnuetis
366 2409 503 2511 reliquis
526 2407 659 2486 dietum
698 2409 807 2504 estu)
839 2411 873 2483 in
899 2410 974 2503 Ty·

120 2511 236 2588 rhonis
264 2511 473 2606 systemate,
515 2509 644 2608 inquo
680 2511 768 2588 circa
795 2511 909 2586 Solem
936 2537 975 2582 o·
1026 2570 1028 2582 t

115 2637 212 2690 mnes
239 2609 450 2703 morentur,
486 2615 521 2688 8<
557 2638 622 2686 una
660 2639 739 2688 cum
767 2615 844 2686 sote
884 2611 974 2686 citet

114 2715 260 2791 Terram
283 2747 304 2808 ;
337 2717 392 2790 vel
431 2713 464 2786 in
492 2711 672 2806 Cupernici
697 2711 892 2812 hypothefi,
936 2713 975 2785 in

114 2841 177 2912 qua
205 2839 325 2892 omnes
352 2817 488 2912 (Terra
513 2812 579 2913 ipsa
601 2811 764 2914 qunqut')
793 2813 881 2889 cirta
915 2817 974 2888 So·

115 2912 185 2990 lem
212 2915 384 2992 seruntur.

165 3016 302 3090 Saturni
329 3014 425 3088 statio
451 3017 497 3090 tst
524 3015 658 3092 dietum
947 3013 969 3083 8

115 3108 312 3212 Progreffio
340 3113 488 3190 dierum.
899 3127 976 3204 244
1042 3165 1046 3178 .

115 3211 299 3311 Regressus
324 3213 476 3294 dierum.
905 3233 971 3309 133

115 3317 175 3394 De
205 3311 342 3388 Saturni
364 3313 568 3392 satellitibus
595 3315 683 3394 infra
705 3313 914 3510 dicimiiiss
