2930 5272
156 223 429 299 PHYSICAE
455 217 825 294 PARTICULARIS
852 225 919 311 381

119 310 211 397 sium
236 320 367 395 suarum
396 321 578 418 provenite
604 316 778 392 verifimili
805 321 974 415 conjefiru·

123 449 160 498 ra
185 422 369 518 putandum
392 422 464 512 est,
490 447 565 522 quae
592 440 699 531 partes
718 417 789 516 ejus
815 417 976 519 sphaericae

124 524 167 596 ad
193 524 385 598 contortum
412 477 589 608 redama,
616 545 652 590 ιιι
675 518 758 592 statu
794 518 855 594 illo
883 546 975 618 aquae

120 623 263 697 naturali
292 624 387 697 srnt.
428 619 565 697 Poffunt
603 643 718 692 tamen
719 645 842 731 aquae
869 645 976 720 partes

118 723 230 794 calore
257 721 417 797 resolvi
408 746 453 795 ιιι
469 745 579 821 partes
603 717 828 836 minutiores·
872 721 979 833 potest

114 819 243 920 sejungi
275 821 406 897 scilicet
430 849 559 938 pexus,
595 846 665 921 quo
688 787 902 896 ιιιιιέὶιοιιῐε
939 819 977 895 vi
1067 839 1070 846 “

110 923 283 1018 particula
308 949 401 1022 aqua
427 923 463 998 in
508 923 593 996 statu
630 919 688 995 suo
724 921 871 996 naturali
895 947 974 996 con·
1047 1014 1052 1024 ἱ

19 1065 37 1091 ,2
112 1021 235 1120 jundrae
260 1023 522 1112 detinebamur,
548 1020 634 1094 adeo
661 1043 699 1093 ut
725 1047 812 1119 aqua
836 1019 873 1094 in
897 1047 976 1122 par·

113 1145 165 1197 tes
192 1120 333 1198 resoluta
358 1123 581 1210 minutiores,
607 1119 714 1194 rarior
740 1120 881 1214 evadat,
900 1149 977 1236 par·

112 1221 228 1296 riculis
254 1223 286 1296 se
309 1249 430 1298 mutuo
456 1175 740 1336 repellentibus,
773 1247 839 1321 qua
873 1222 909 1297 vi
938 1225 975 1298 δι

75 1382 77 1386 -
113 1323 210 1398 illa
178 1323 306 1438 agnis,
327 1327 459 1424 majora
484 1321 595 1435 spatia
615 1350 702 1423 aqua
732 1348 898 1438 occupet,
922 1323 978 1398 seu

115 1425 246 1520 majora
275 1422 428 1498 interfint
456 1419 595 1518 spatia
587 1447 664 1518 rgne
693 1425 857 1519 repleta,
883 1423 975 1500 inter

112 1551 209 1626 aquae
235 1523 433 1635 particulas.

165 1631 267 1720 Aqua
285 1621 400 1737 'ignor
439 1618 455 1716 (
482 1643 520 1694 ur
546 1624 582 1696 δι
607 1619 753 1718 liquores
791 1620 977 1735 reliquio-

112 1749 246 1811 mnes,
282 1721 357 1796 imo
382 1745 418 1796 ut
446 1747 584 1822 corpora
612 1720 742 1821 prorsus
776 1721 929 1798 universa
956 1725 971 1818 )

111 1821 221 1902 rarior
246 1823 422 1924 leviorque
448 1823 558 1898 calore
585 1821 624 1898 fit
652 1823 694 1897 ab
731 1849 774 1898 eo
811 1822 975 1922 temporis

113 1948 325 2014 momento,
358 1951 431 2040 quo
459 1924 582 2022 glacies
617 1923 765 2001 solvitur
810 1921 974 2023 usquead

10 2044 13 2064 '
113 1980 383 2115 ebullitionem,
422 2025 496 2100 imo
531 2051 640 2123 partes
674 2024 845 2102 tenuiores
867 2023 972 2100 suble·

107 2151 263 2220 vantur,
290 2153 480 2226 vaporum,
507 2126 640 2202 fumive
667 2124 781 2202 forma
799 2125 975 2224 ,quiva-

111 2254 211 2342 pores
234 2227 360 2304 clastici
387 2228 570 2302 admodum
600 2228 700 2302 sunt

161 2329 197 2403 si
222 2357 308 2446 aqua
334 2327 468 2404 robusto
492 2329 669 2406 metallico
695 2326 770 2404 vase
791 2325 933 2404 clauso
922 2353 975 2402 ιιι

107 2431 236 2508 elusa
227 2431 301 2533 rgni
326 2453 543 2530 exponatur,
569 2431 655 2523 adeo
678 2427 823 2505 calefieri
845 2428 974 2528 potest,
1055 2437 1058 2446 ’

110 2561 149 2609 ut
173 2529 330 2608 stannum
359 2532 467 2630 liquet
491 2534 527 2606 δι
555 2533 767 2646 plumbum,
803 2529 949 2605 media
939 2554 1048 2665 1an

100 2661 186 2736 aqua
212 2632 429 2752 suspensum.
465 2633 501 2708 si
530 2659 613 2748 uero
639 2632 803 2732 AEolipila
836 2601 1048 2706 clauda-³¹¹*

107 2759 183 2822 tur,
209 2761 353 2834 vapores
378 2735 457 2813 inde
483 2758 580 2812 tanto
604 2733 736 2834 impetu
759 2757 969 2835 erumpunt,

108 2859 148 2908 ut
161 2835 445 2918 semiaecensum
439 2839 639 2911 carbonem
668 2858 790 2929 vento,
807 2862 909 2937 quem
919 2859 977 2906 ex

114 2935 223 3008 citant
233 2937 383 3034 ,magis
410 2937 591 3010 accendere
615 2939 836 3034 queant‚&
801 2932 974 3008 &fistulo

109 3035 232 3110 sonum
259 3036 429 3110 excitent.
458 3033 814 3130 Projitiunturautem
835 3059 878 3106 ex
893 3034 1046 3112 AEo-axn
1070 3063 1094 3101 a.

115 3135 221 3236 lipila
249 3159 390 3234 vapores
427 3132 469 3206 ad
493 3131 631 3246 vigrnti
668 3131 833 3232 pollicum
859 3129 977 3204 distan-

113 3237 259 3312 tiam&
288 3235 398 3308 ultra.
424 3233 540 3328 Quare
567 3229 694 3306 mirum
721 3259 789 3306 non
831 3229 878 3310 est
903 3257 976 3308 ma·

111 3321 226 3418 chinas
251 3337 361 3440 plures
385 3358 617 3512 vaporumoo
600 3357 637 3429 e
675 3328 831 3412 moreti.
869 3335 977 3410 Inter·
964 3375 1053 3438 Ἥ,
1071 3389 1094 3436 3

596 3463 618 3514 o
668 3455 689 3536 3
893 3459 930 3510 es

420 4145 423 4153 ι

412 4215 417 4230 Ι
