<?xml version="1.0" encoding="UTF-8"?>
<!DOCTYPE html PUBLIC "-//W3C//DTD XHTML 1.0 Transitional//EN"
    "http://www.w3.org/TR/xhtml1/DTD/xhtml1-transitional.dtd">
<html xmlns="http://www.w3.org/1999/xhtml" xml:lang="en" lang="en">
 <head>
  <title>
</title>
<meta http-equiv="Content-Type" content="text/html;charset=utf-8" />
  <meta name='ocr-system' content='tesseract 3.04.00' />
  <meta name='ocr-capabilities' content='ocr_page ocr_carea ocr_par ocr_line ocrx_word'/>
</head>
<body>
  <div class='ocr_page' id='page_1' title='image "./naturalisphilos00cologoog_0460.png"; bbox 0 0 2876 4304; ppageno 0'>
   <div class='ocr_carea' id='block_1_1' title="bbox 422 267 1341 2703">
    <p class='ocr_par' dir='ltr' id='par_1_1' title="bbox 503 267 1066 374">
     <span class='ocr_line' id='line_1_1' title="bbox 503 267 1066 374; baseline -0.018 -26"><span class='ocrx_word' id='word_1_1' title='bbox 503 288 580 374; x_wconf 73' lang='lat'>&#39;440</span> <span class='ocrx_word' id='word_1_2' title='bbox 688 271 837 342; x_wconf 62' lang='lat' dir='ltr'>car</span> <span class='ocrx_word' id='word_1_3' title='bbox 863 271 893 340; x_wconf 84' lang='lat' dir='ltr'>u</span> <span class='ocrx_word' id='word_1_4' title='bbox 919 271 958 342; x_wconf 79' lang='grc' dir='ltr'>τ,</span> <span class='ocrx_word' id='word_1_5' title='bbox 1003 267 1066 338; x_wconf 80' lang='lat'>11.</span> 
     </span>
    </p>

    <p class='ocr_par' dir='ltr' id='par_1_2' title="bbox 455 363 1334 578">
     <span class='ocr_line' id='line_1_2' title="bbox 455 363 1334 464; baseline -0.01 -13"><span class='ocrx_word' id='word_1_6' title='bbox 455 407 474 456; x_wconf 81' lang='lat' dir='ltr'>a</span> <span class='ocrx_word' id='word_1_7' title='bbox 508 396 629 451; x_wconf 84' lang='lat' dir='ltr'>centro</span> <span class='ocrx_word' id='word_1_8' title='bbox 667 395 725 444; x_wconf 83' lang='lat' dir='ltr'>eos</span> <span class='ocrx_word' id='word_1_9' title='bbox 765 365 913 440; x_wconf 83' lang='lat' dir='ltr'>recedere</span> <span class='ocrx_word' id='word_1_10' title='bbox 948 390 1016 438; x_wconf 88' lang='lat' dir='ltr'>oon</span> <span class='ocrx_word' id='word_1_11' title='bbox 1061 363 1151 463; x_wconf 80' lang='lat' dir='ltr'>poii&#39;e</span> <span class='ocrx_word' id='word_1_12' title='bbox 1195 388 1334 464; x_wconf 81' lang='lat' dir='ltr'>putet,</span> 
     </span>
     <span class='ocr_line' id='line_1_3' title="bbox 456 464 1265 578; baseline -0.015 -26"><span class='ocrx_word' id='word_1_13' title='bbox 456 477 536 578; x_wconf 85' lang='lat' dir='ltr'>quia</span> <span class='ocrx_word' id='word_1_14' title='bbox 558 470 676 548; x_wconf 87' lang='lat' dir='ltr'>omnia</span> <span class='ocrx_word' id='word_1_15' title='bbox 704 493 796 568; x_wconf 87' lang='lat' dir='ltr'>putat</span> <span class='ocrx_word' id='word_1_16' title='bbox 820 468 886 542; x_wconf 82' lang='lat' dir='ltr'>effe</span> <span class='ocrx_word' id='word_1_17' title='bbox 913 466 1012 563; x_wconf 86' lang='lat' dir='ltr'>plena</span> <span class='ocrx_word' id='word_1_18' title='bbox 1039 464 1265 562; x_wconf 80' lang='lat' dir='ltr'>corporibus.</span> 
     </span>
    </p>

    <p class='ocr_par' dir='ltr' id='par_1_3' title="bbox 456 565 1334 956">
     <span class='ocr_line' id='line_1_4' title="bbox 508 565 1334 678; baseline -0.019 -25"><span class='ocrx_word' id='word_1_19' title='bbox 508 577 633 678; x_wconf 78' lang='lat' dir='ltr'><strong>Figura</strong></span> <span class='ocrx_word' id='word_1_20' title='bbox 658 572 719 645; x_wconf 89' lang='lat' dir='ltr'>illa</span> <span class='ocrx_word' id='word_1_21' title='bbox 743 594 853 644; x_wconf 87' lang='lat' dir='ltr'>tamen</span> <span class='ocrx_word' id='word_1_22' title='bbox 878 565 990 641; x_wconf 74' lang='lat' dir='ltr'>orabis</span> <span class='ocrx_word' id='word_1_23' title='bbox 1029 568 1145 640; x_wconf 75' lang='lat' dir='ltr'>Terra</span> <span class='ocrx_word' id='word_1_24' title='bbox 1174 569 1334 644; x_wconf 87' lang='lat' dir='ltr'>Burner.</span> 
     </span>
     <span class='ocr_line' id='line_1_5' title="bbox 457 665 1333 777; baseline -0.007 -26"><span class='ocrx_word' id='word_1_25' title='bbox 457 701 496 752; x_wconf 91' lang='lat' dir='ltr'>ro</span> <span class='ocrx_word' id='word_1_26' title='bbox 519 670 754 777; x_wconf 80' lang='lat' dir='ltr'>pernecessaria</span> <span class='ocrx_word' id='word_1_27' title='bbox 777 669 823 742; x_wconf 84' lang='lat' dir='ltr'>est</span> <span class='ocrx_word' id='word_1_28' title='bbox 849 670 889 746; x_wconf 83' lang='lat' dir='ltr'>ad</span> <span class='ocrx_word' id='word_1_29' title='bbox 917 665 1100 742; x_wconf 84' lang='lat' dir='ltr'>fluminum</span> <span class='ocrx_word' id='word_1_30' title='bbox 1128 668 1272 744; x_wconf 88' lang='lat' dir='ltr'>cursum·</span> <span class='ocrx_word' id='word_1_31' title='bbox 1294 671 1333 746; x_wconf 88' lang='lat' dir='ltr'>in</span> 
     </span>
     <span class='ocr_line' id='line_1_6' title="bbox 457 767 1331 871; baseline -0.008 -17"><span class='ocrx_word' id='word_1_32' title='bbox 457 783 567 853; x_wconf 88' lang='lat' dir='ltr'>Terra</span> <span class='ocrx_word' id='word_1_33' title='bbox 594 776 651 851; x_wconf 83' lang='lat' dir='ltr'>illa</span> <span class='ocrx_word' id='word_1_34' title='bbox 678 772 732 848; x_wconf 86' lang='lat' dir='ltr'>sua</span> <span class='ocrx_word' id='word_1_35' title='bbox 764 769 873 871; x_wconf 84' lang='lat' dir='ltr'>prima</span> <span class='ocrx_word' id='word_1_36' title='bbox 906 769 1019 868; x_wconf 86' lang='lat' dir='ltr'>aliqua</span> <span class='ocrx_word' id='word_1_37' title='bbox 1051 767 1181 844; x_wconf 85' lang='lat' dir='ltr'>ratione</span> <span class='ocrx_word' id='word_1_38' title='bbox 1216 771 1331 870; x_wconf 85' lang='lat' dir='ltr'>expli·</span> 
     </span>
     <span class='ocr_line' id='line_1_7' title="bbox 456 879 623 956; baseline -0.036 0"><span class='ocrx_word' id='word_1_39' title='bbox 456 879 623 956; x_wconf 61' lang='lat' dir='ltr'>carmin.</span> 
     </span>
    </p>

    <p class='ocr_par' dir='ltr' id='par_1_4' title="bbox 422 970 1341 2360">
     <span class='ocr_line' id='line_1_8' title="bbox 505 970 1324 1076; baseline -0.005 -24"><span class='ocrx_word' id='word_1_40' title='bbox 505 1009 542 1076; x_wconf 86' lang='lat'>4.</span> <span class='ocrx_word' id='word_1_41' title='bbox 571 978 717 1052; x_wconf 85' lang='lat' dir='ltr'>Dedecet</span> <span class='ocrx_word' id='word_1_42' title='bbox 750 995 905 1070; x_wconf 80' lang='lat' dir='ltr'>praeteraa</span> <span class='ocrx_word' id='word_1_43' title='bbox 943 970 1107 1048; x_wconf 67' lang='lat' dir='ltr'>maximo</span> <span class='ocrx_word' id='word_1_44' title='bbox 1137 973 1324 1066; x_wconf 77' lang='lat' dir='ltr'>verendam</span> 
     </span>
     <span class='ocr_line' id='line_1_9' title="bbox 458 1073 1320 1174; baseline -0.006 -21"><span class='ocrx_word' id='word_1_45' title='bbox 458 1097 586 1158; x_wconf 81' lang='lat' dir='ltr'>naturae</span> <span class='ocrx_word' id='word_1_46' title='bbox 612 1075 819 1174; x_wconf 80' lang='lat' dir='ltr'>majestatem</span> <span class='ocrx_word' id='word_1_47' title='bbox 845 1075 990 1146; x_wconf 83' lang='lat' dir='ltr'>Terram</span> <span class='ocrx_word' id='word_1_48' title='bbox 1019 1074 1115 1150; x_wconf 84' lang='lat' dir='ltr'>illam</span> <span class='ocrx_word' id='word_1_49' title='bbox 1152 1097 1194 1144; x_wconf 87' lang='lat' dir='ltr'>eo</span> <span class='ocrx_word' id='word_1_50' title='bbox 1220 1073 1320 1171; x_wconf 71' lang='lat' dir='ltr'>pasto</span> 
     </span>
     <span class='ocr_line' id='line_1_10' title="bbox 461 1172 1323 1265; baseline -0.009 -9"><span class='ocrx_word' id='word_1_51' title='bbox 461 1177 689 1265; x_wconf 75' lang='lat' dir='ltr'>constituisse,</span> <span class='ocrx_word' id='word_1_52' title='bbox 715 1199 753 1250; x_wconf 85' lang='lat' dir='ltr'>ut</span> <span class='ocrx_word' id='word_1_53' title='bbox 780 1172 860 1246; x_wconf 90' lang='lat' dir='ltr'>solis</span> <span class='ocrx_word' id='word_1_54' title='bbox 893 1173 1098 1250; x_wconf 85' lang='lat' dir='ltr'>naturalibus</span> <span class='ocrx_word' id='word_1_55' title='bbox 1137 1172 1237 1248; x_wconf 77' lang='lat' dir='ltr'>caufia</span> <span class='ocrx_word' id='word_1_56' title='bbox 1263 1201 1323 1248; x_wconf 88' lang='lat' dir='ltr'>ne·</span> 
     </span>
     <span class='ocr_line' id='line_1_11' title="bbox 462 1273 1324 1374; baseline -0.006 -20"><span class='ocrx_word' id='word_1_57' title='bbox 462 1277 595 1356; x_wconf 77' lang='lat' dir='ltr'>cessaria</span> <span class='ocrx_word' id='word_1_58' title='bbox 621 1277 691 1374; x_wconf 84' lang='lat' dir='ltr'>iege</span> <span class='ocrx_word' id='word_1_59' title='bbox 718 1273 934 1372; x_wconf 72' lang='lat' dir='ltr'>operantibus</span> <span class='ocrx_word' id='word_1_60' title='bbox 959 1273 1080 1348; x_wconf 77' lang='lat' dir='ltr'>destrui</span> <span class='ocrx_word' id='word_1_61' title='bbox 1104 1273 1249 1350; x_wconf 89' lang='lat' dir='ltr'>omniuo</span> <span class='ocrx_word' id='word_1_62' title='bbox 1266 1273 1324 1349; x_wconf 85' lang='lat' dir='ltr'>sua</span> 
     </span>
     <span class='ocr_line' id='line_1_12' title="bbox 458 1373 1325 1480; baseline -0.005 -26"><span class='ocrx_word' id='word_1_63' title='bbox 458 1381 575 1480; x_wconf 87' lang='lat' dir='ltr'>sponte</span> <span class='ocrx_word' id='word_1_64' title='bbox 603 1377 731 1476; x_wconf 80' lang='lat' dir='ltr'>poiset,</span> <span class='ocrx_word' id='word_1_65' title='bbox 757 1376 831 1448; x_wconf 90' lang='lat' dir='ltr'>imo</span> <span class='ocrx_word' id='word_1_66' title='bbox 859 1401 927 1450; x_wconf 87' lang='lat' dir='ltr'>non</span> <span class='ocrx_word' id='word_1_67' title='bbox 955 1374 1076 1448; x_wconf 86' lang='lat' dir='ltr'>destrui</span> <span class='ocrx_word' id='word_1_68' title='bbox 1096 1373 1325 1450; x_wconf 85' lang='lat' dir='ltr'>omoioooon</span> 
     </span>
     <span class='ocr_line' id='line_1_13' title="bbox 458 1474 1324 1582; baseline -0.002 -28"><span class='ocrx_word' id='word_1_69' title='bbox 458 1483 583 1582; x_wconf 83' lang='lat' dir='ltr'>paffet:</span> <span class='ocrx_word' id='word_1_70' title='bbox 621 1477 708 1552; x_wconf 88' lang='lat' dir='ltr'>nibil</span> <span class='ocrx_word' id='word_1_71' title='bbox 742 1474 934 1577; x_wconf 85' lang='lat' dir='ltr'>hujusmodi</span> <span class='ocrx_word' id='word_1_72' title='bbox 970 1474 1007 1550; x_wconf 91' lang='lat' dir='ltr'>in</span> <span class='ocrx_word' id='word_1_73' title='bbox 1041 1475 1171 1576; x_wconf 87' lang='lat' dir='ltr'>magnis</span> <span class='ocrx_word' id='word_1_74' title='bbox 1196 1501 1324 1552; x_wconf 77' lang='lat' dir='ltr'>naturae</span> 
     </span>
     <span class='ocr_line' id='line_1_14' title="bbox 458 1577 1328 1679; baseline -0.005 -21"><span class='ocrx_word' id='word_1_75' title='bbox 458 1582 614 1679; x_wconf 86' lang='lat' dir='ltr'>operibus</span> <span class='ocrx_word' id='word_1_76' title='bbox 640 1577 831 1667; x_wconf 84' lang='lat' dir='ltr'>cernimus,</span> <span class='ocrx_word' id='word_1_77' title='bbox 869 1577 904 1650; x_wconf 89' lang='lat' dir='ltr'>in</span> <span class='ocrx_word' id='word_1_78' title='bbox 931 1578 1010 1651; x_wconf 88' lang='lat' dir='ltr'>Sole</span> <span class='ocrx_word' id='word_1_79' title='bbox 1037 1601 1115 1676; x_wconf 83' lang='lat' dir='ltr'>puta</span> <span class='ocrx_word' id='word_1_80' title='bbox 1142 1633 1153 1668; x_wconf 87' lang='lat'><strong>,</strong></span> <span class='ocrx_word' id='word_1_81' title='bbox 1188 1578 1225 1652; x_wconf 91' lang='lat' dir='ltr'>in</span> <span class='ocrx_word' id='word_1_82' title='bbox 1253 1581 1328 1654; x_wconf 89' lang='lat' dir='ltr'>Lu·</span> 
     </span>
     <span class='ocr_line' id='line_1_15' title="bbox 459 1674 1325 1781; baseline -0.002 -25"><span class='ocrx_word' id='word_1_83' title='bbox 459 1709 533 1773; x_wconf 84' lang='lat' dir='ltr'>na,</span> <span class='ocrx_word' id='word_1_84' title='bbox 568 1679 781 1780; x_wconf 81' lang='lat' dir='ltr'>Planetisque</span> <span class='ocrx_word' id='word_1_85' title='bbox 806 1674 978 1777; x_wconf 83' lang='lat' dir='ltr'>reliquis,</span> <span class='ocrx_word' id='word_1_86' title='bbox 1005 1704 1153 1778; x_wconf 87' lang='lat' dir='ltr'>quorum</span> <span class='ocrx_word' id='word_1_87' title='bbox 1180 1677 1286 1781; x_wconf 87' lang='lat' dir='ltr'>figura</span> <span class='ocrx_word' id='word_1_88' title='bbox 1312 1733 1325 1769; x_wconf 88' lang='lat'>,</span> 
     </span>
     <span class='ocr_line' id='line_1_16' title="bbox 460 1777 1325 1882; baseline -0.003 -25"><span class='ocrx_word' id='word_1_89' title='bbox 460 1781 685 1882; x_wconf 78' lang='lat' dir='ltr'>magnitudo,</span> <span class='ocrx_word' id='word_1_90' title='bbox 722 1803 855 1871; x_wconf 82' lang='lat' dir='ltr'>motus,</span> <span class='ocrx_word' id='word_1_91' title='bbox 886 1777 1082 1871; x_wconf 82' lang='lat' dir='ltr'>velocitas,</span> <span class='ocrx_word' id='word_1_92' title='bbox 1112 1778 1249 1872; x_wconf 83' lang='lat' dir='ltr'>orbita,</span> <span class='ocrx_word' id='word_1_93' title='bbox 1269 1807 1325 1854; x_wconf 87' lang='lat' dir='ltr'>ea·</span> 
     </span>
     <span class='ocr_line' id='line_1_17' title="bbox 422 1879 1329 1980; baseline -0.002 -22"><span class='ocrx_word' id='word_1_94' title='bbox 422 1959 426 1966; x_wconf 85' lang='grc'><em>,</em></span> <span class='ocrx_word' id='word_1_95' title='bbox 461 1887 541 1958; x_wconf 84' lang='lat' dir='ltr'>dem</span> <span class='ocrx_word' id='word_1_96' title='bbox 577 1879 708 1980; x_wconf 87' lang='lat' dir='ltr'>semper</span> <span class='ocrx_word' id='word_1_97' title='bbox 742 1883 784 1956; x_wconf 88' lang='lat' dir='ltr'>ab</span> <span class='ocrx_word' id='word_1_98' title='bbox 822 1879 884 1955; x_wconf 81' lang='lat' dir='ltr'>aevi</span> <span class='ocrx_word' id='word_1_99' title='bbox 918 1879 1066 1978; x_wconf 85' lang='lat' dir='ltr'>cujusvis</span> <span class='ocrx_word' id='word_1_100' title='bbox 1105 1882 1329 1956; x_wconf 84' lang='lat' dir='ltr'>Astronomis</span> 
     </span>
     <span class='ocr_line' id='line_1_18' title="bbox 463 1975 1341 2082; baseline 0 -24"><span class='ocrx_word' id='word_1_101' title='bbox 463 1983 637 2058; x_wconf 83' lang='lat' dir='ltr'>observata</span> <span class='ocrx_word' id='word_1_102' title='bbox 665 1983 818 2056; x_wconf 81' lang='lat' dir='ltr'>fuerunt.</span> <span class='ocrx_word' id='word_1_103' title='bbox 844 1984 1021 2056; x_wconf 77' lang='lat' dir='ltr'>AtTerra</span> <span class='ocrx_word' id='word_1_104' title='bbox 1048 1979 1152 2082; x_wconf 85' lang='lat' dir='ltr'>figura</span> <span class='ocrx_word' id='word_1_105' title='bbox 1176 1975 1341 2082; x_wconf 85' lang='lat' dir='ltr'>primum¹</span> 
     </span>
     <span class='ocr_line' id='line_1_19' title="bbox 465 2081 1327 2180; baseline 0.002 -23"><span class='ocrx_word' id='word_1_106' title='bbox 465 2083 596 2174; x_wconf 80' lang='lat' dir='ltr'>ovalis,</span> <span class='ocrx_word' id='word_1_107' title='bbox 621 2085 724 2156; x_wconf 89' lang='lat' dir='ltr'>modo</span> <span class='ocrx_word' id='word_1_108' title='bbox 749 2083 800 2156; x_wconf 84' lang='lat' dir='ltr'>ad·</span> <span class='ocrx_word' id='word_1_109' title='bbox 820 2081 924 2156; x_wconf 85' lang='lat' dir='ltr'>Polos</span> <span class='ocrx_word' id='word_1_110' title='bbox 949 2083 1130 2180; x_wconf 78' lang='lat' dir='ltr'>compreiia</span> <span class='ocrx_word' id='word_1_111' title='bbox 1155 2082 1327 2177; x_wconf 82' lang='lat' dir='ltr'>evafiffet,</span> 
     </span>
     <span class='ocr_line' id='line_1_20' title="bbox 465 2181 1330 2358; baseline -0.005 -100"><span class='ocrx_word' id='word_1_112' title='bbox 465 2184 739 2358; x_wconf 65' lang='lat' dir='ltr'>quasrffnaturam</span> <span class='ocrx_word' id='word_1_113' title='bbox 765 2181 883 2283; x_wconf 68' lang='lat' dir='ltr'>figurae</span> <span class='ocrx_word' id='word_1_114' title='bbox 907 2182 1000 2258; x_wconf 81' lang='lat' dir='ltr'>illius</span> <span class='ocrx_word' id='word_1_115' title='bbox 1027 2182 1088 2258; x_wconf 82' lang='lat' dir='ltr'>suae</span> <span class='ocrx_word' id='word_1_116' title='bbox 1115 2183 1229 2284; x_wconf 72' lang='lat' dir='ltr'>primu</span> <span class='ocrx_word' id='word_1_117' title='bbox 1255 2211 1330 2286; x_wconf 79' lang='lat' dir='ltr'>poe.</span> 
     </span>
     <span class='ocr_line' id='line_1_21' title="bbox 464 2311 945 2360; baseline -0.006 -1"><span class='ocrx_word' id='word_1_118' title='bbox 464 2311 555 2360; x_wconf 79' lang='lat' dir='ltr'>uitur</span> <span class='ocrx_word' id='word_1_119' title='bbox 586 2312 646 2358; x_wconf 82' lang='lat' dir='ltr'>et.</span> <span class='ocrx_word' id='word_1_120' title='bbox 940 2329 945 2335; x_wconf 94' lang='lat'>·</span> 
     </span>
    </p>

    <p class='ocr_par' dir='ltr' id='par_1_5' title="bbox 462 2383 1328 2703">
     <span class='ocr_line' id='line_1_22' title="bbox 517 2383 1327 2483; baseline 0.01 -26"><span class='ocrx_word' id='word_1_121' title='bbox 517 2411 550 2478; x_wconf 73' lang='grc' dir='ltr'>ς.</span> <span class='ocrx_word' id='word_1_122' title='bbox 578 2386 699 2483; x_wconf 85' lang='lat' dir='ltr'>Figura</span> <span class='ocrx_word' id='word_1_123' title='bbox 726 2385 781 2458; x_wconf 82' lang='lat' dir='ltr'>illa</span> <span class='ocrx_word' id='word_1_124' title='bbox 807 2383 900 2460; x_wconf 84' lang='lat' dir='ltr'>ovali</span> <span class='ocrx_word' id='word_1_125' title='bbox 936 2389 1053 2460; x_wconf 80' lang='lat' dir='ltr'>Terrae</span> <span class='ocrx_word' id='word_1_126' title='bbox 1079 2384 1229 2476; x_wconf 80' lang='lat' dir='ltr'>sublata,</span> <span class='ocrx_word' id='word_1_127' title='bbox 1266 2415 1327 2465; x_wconf 85' lang='lat' dir='ltr'>ne·</span> 
     </span>
     <span class='ocr_line' id='line_1_23' title="bbox 462 2483 1327 2587; baseline 0.007 -29"><span class='ocrx_word' id='word_1_128' title='bbox 462 2485 587 2558; x_wconf 72' lang='lat' dir='ltr'>&lt;offarii</span> <span class='ocrx_word' id='word_1_129' title='bbox 616 2483 746 2578; x_wconf 85' lang='lat' dir='ltr'>penitus</span> <span class='ocrx_word' id='word_1_130' title='bbox 773 2513 905 2562; x_wconf 84' lang='lat' dir='ltr'>montes</span> <span class='ocrx_word' id='word_1_131' title='bbox 930 2511 1008 2563; x_wconf 81' lang='lat' dir='ltr'>rore</span> <span class='ocrx_word' id='word_1_132' title='bbox 1042 2486 1215 2562; x_wconf 87' lang='lat' dir='ltr'>diluvium</span> <span class='ocrx_word' id='word_1_133' title='bbox 1241 2515 1327 2587; x_wconf 87' lang='lat' dir='ltr'>quo-</span> 
     </span>
     <span class='ocr_line' id='line_1_24' title="bbox 464 2581 1328 2703; baseline 0.013 -47"><span class='ocrx_word' id='word_1_134' title='bbox 464 2609 527 2680; x_wconf 88' lang='lat' dir='ltr'>que</span> <span class='ocrx_word' id='word_1_135' title='bbox 551 2581 713 2673; x_wconf 71' lang='lat' dir='ltr'>fuerunt,</span> <span class='ocrx_word' id='word_1_136' title='bbox 747 2609 856 2682; x_wconf 89' lang='lat' dir='ltr'>quum</span> <span class='ocrx_word' id='word_1_137' title='bbox 890 2587 1032 2662; x_wconf 85' lang='lat' dir='ltr'>flumina</span> <span class='ocrx_word' id='word_1_138' title='bbox 1073 2611 1154 2662; x_wconf 88' lang='lat' dir='ltr'>tunc</span> <span class='ocrx_word' id='word_1_139' title='bbox 1171 2615 1328 2703; x_wconf 41' lang='lat' dir='ltr'>&#39;quoque</span> 
     </span>
    </p>
   </div>
   <div class='ocr_carea' id='block_1_2' title="bbox 337 2683 1325 2766">
    <p class='ocr_par' dir='ltr' id='par_1_6' title="bbox 337 2683 1325 2766">
     <span class='ocr_line' id='line_1_25' title="bbox 337 2683 1325 2766; baseline 0.011 -11"><span class='ocrx_word' id='word_1_140' title='bbox 337 2687 338 2690; x_wconf 70' lang='grc'>’</span> <span class='ocrx_word' id='word_1_141' title='bbox 464 2683 612 2758; x_wconf 81' lang='lat' dir='ltr'>extitiffe</span> <span class='ocrx_word' id='word_1_142' title='bbox 644 2709 771 2760; x_wconf 85' lang='lat' dir='ltr'>certum</span> <span class='ocrx_word' id='word_1_143' title='bbox 806 2688 878 2762; x_wconf 80' lang='lat' dir='ltr'>sit.</span> <span class='ocrx_word' id='word_1_144' title='bbox 923 2688 1079 2762; x_wconf 86' lang='lat' dir='ltr'>Flumina</span> <span class='ocrx_word' id='word_1_145' title='bbox 1122 2715 1215 2762; x_wconf 86' lang='lat' dir='ltr'>eorm</span> <span class='ocrx_word' id='word_1_146' title='bbox 1253 2691 1325 2766; x_wconf 85' lang='lat' dir='ltr'>fine</span> 
     </span>
    </p>
   </div>
   <div class='ocr_carea' id='block_1_3' title="bbox 458 2783 1325 3602">
    <p class='ocr_par' dir='ltr' id='par_1_7' title="bbox 462 2783 1322 2961">
     <span class='ocr_line' id='line_1_26' title="bbox 462 2783 1322 2899; baseline 0.009 -39"><span class='ocrx_word' id='word_1_147' title='bbox 462 2783 638 2899; x_wconf 85' lang='lat' dir='ltr'>montibus</span> <span class='ocrx_word' id='word_1_148' title='bbox 662 2783 758 2886; x_wconf 88' lang='lat' dir='ltr'>gigni</span> <span class='ocrx_word' id='word_1_149' title='bbox 786 2789 822 2864; x_wconf 75' lang='lat'>8&lt;</span> <span class='ocrx_word' id='word_1_150' title='bbox 847 2787 1034 2866; x_wconf 83' lang='lat' dir='ltr'>conservari</span> <span class='ocrx_word' id='word_1_151' title='bbox 1061 2813 1127 2864; x_wconf 86' lang='lat' dir='ltr'>non</span> <span class='ocrx_word' id='word_1_152' title='bbox 1149 2788 1237 2888; x_wconf 83' lang='lat' dir='ltr'>poffe</span> <span class='ocrx_word' id='word_1_153' title='bbox 1250 2789 1322 2888; x_wconf 85' lang='lat' dir='ltr'>jam</span> 
     </span>
     <span class='ocr_line' id='line_1_27' title="bbox 462 2885 685 2961; baseline 0.004 -2"><span class='ocrx_word' id='word_1_154' title='bbox 462 2885 685 2961; x_wconf 82' lang='lat' dir='ltr'>ostendimus.</span> 
     </span>
    </p>

    <p class='ocr_par' dir='ltr' id='par_1_8' title="bbox 458 2987 1325 3495">
     <span class='ocr_line' id='line_1_28' title="bbox 509 2987 1321 3106; baseline 0.007 -42"><span class='ocrx_word' id='word_1_155' title='bbox 509 2990 554 3104; x_wconf 63' lang='grc' dir='ltr'>6.ο</span> <span class='ocrx_word' id='word_1_156' title='bbox 571 2989 642 3062; x_wconf 80' lang='lat' dir='ltr'>ver</span> <span class='ocrx_word' id='word_1_157' title='bbox 668 2987 753 3106; x_wconf 79' lang='lat' dir='ltr'>illud</span> <span class='ocrx_word' id='word_1_158' title='bbox 781 3015 1007 3090; x_wconf 85' lang='lat' dir='ltr'>perpetuum,</span> <span class='ocrx_word' id='word_1_159' title='bbox 1037 2990 1127 3092; x_wconf 90' lang='lat' dir='ltr'>quod</span> <span class='ocrx_word' id='word_1_160' title='bbox 1150 2989 1239 3066; x_wconf 86' lang='lat' dir='ltr'>inter</span> <span class='ocrx_word' id='word_1_161' title='bbox 1261 2990 1321 3070; x_wconf 93' lang='lat' dir='ltr'>bu·</span> 
     </span>
     <span class='ocr_line' id='line_1_29' title="bbox 459 3094 1325 3300; baseline 0.01 -39"><span class='ocrx_word' id='word_1_162' title='bbox 459 3113 517 3300; x_wconf 65' lang='grc' dir='ltr'>Ρξέ</span> <span class='ocrx_word' id='word_1_163' title='bbox 520 3117 540 3276; x_wconf 68' lang='grc' dir='ltr'>Γ</span> <span class='ocrx_word' id='word_1_164' title='bbox 543 3115 732 3266; x_wconf 55' lang='lat' dir='ltr'>¹112be</span> <span class='ocrx_word' id='word_1_165' title='bbox 756 3095 921 3288; x_wconf 56' lang='lat'>5333?</span> <span class='ocrx_word' id='word_1_166' title='bbox 924 3094 1261 3270; x_wconf 54' lang='lat' dir='ltr'>‘ibib‘bbss‘</span> <span class='ocrx_word' id='word_1_167' title='bbox 1252 3120 1325 3269; x_wconf 66' lang='lat'>„3:31</span> 
     </span>
     <span class='ocr_line' id='line_1_30' title="bbox 458 3291 1321 3396; baseline 0.013 -37"><span class='ocrx_word' id='word_1_168' title='bbox 458 3311 554 3361; x_wconf 83' lang='lat' dir='ltr'>xima</span> <span class='ocrx_word' id='word_1_169' title='bbox 577 3291 843 3368; x_wconf 79' lang='lat' dir='ltr'>constituendum</span> <span class='ocrx_word' id='word_1_170' title='bbox 870 3292 1090 3372; x_wconf 85' lang='lat' dir='ltr'>incommoda</span> <span class='ocrx_word' id='word_1_171' title='bbox 1116 3295 1190 3394; x_wconf 79' lang='lat' dir='ltr'>fir3</span> <span class='ocrx_word' id='word_1_172' title='bbox 1215 3319 1321 3396; x_wconf 88' lang='lat' dir='ltr'>quum</span> 
     </span>
     <span class='ocr_line' id='line_1_31' title="bbox 460 3389 1321 3495; baseline -0.01 -25"><span class='ocrx_word' id='word_1_173' title='bbox 460 3389 696 3486; x_wconf 73' lang='lat' dir='ltr'>tempestatum</span> <span class='ocrx_word' id='word_1_174' title='bbox 729 3393 807 3470; x_wconf 78' lang='lat' dir='ltr'>anni</span> <span class='ocrx_word' id='word_1_175' title='bbox 850 3392 1049 3470; x_wconf 67' lang='lat' dir='ltr'>vicissitudo</span> <span class='ocrx_word' id='word_1_176' title='bbox 1083 3393 1236 3495; x_wconf 81' lang='lat' dir='ltr'>frugibus</span> <span class='ocrx_word' id='word_1_177' title='bbox 1268 3393 1321 3494; x_wconf 85' lang='lat' dir='ltr'>gi.</span> 
     </span>
    </p>

    <p class='ocr_par' dir='ltr' id='par_1_9' title="bbox 792 3512 1266 3602">
     <span class='ocr_line' id='line_1_32' title="bbox 792 3512 1266 3602; baseline 0.004 -37"><span class='ocrx_word' id='word_1_178' title='bbox 792 3512 797 3524; x_wconf 90' lang='lat'><strong>·</strong></span> <span class='ocrx_word' id='word_1_179' title='bbox 1155 3519 1266 3602; x_wconf 80' lang='lat' dir='ltr'>gnen-</span> 
     </span>
    </p>
   </div>
   <div class='ocr_carea' id='block_1_4' title="bbox 0 0 1452 4304">
    <p class='ocr_par' dir='ltr' id='par_1_10' title="bbox 0 0 1452 4304">
     <span class='ocr_line' id='line_1_33' title="bbox 0 0 1452 4304; baseline 0 0"><span class='ocrx_word' id='word_1_180' title='bbox 0 0 1452 4304; x_wconf 95' lang='lat' dir='ltr'> </span> 
     </span>
    </p>
   </div>
  </div>
 </body>
</html>
