2910 4294
236 309 447 385 PHYSICAE
471 313 843 391 PARTJCULARIS
869 337 949 412 347

148 472 153 483 .
187 435 221 497 a.
247 413 381 498 Cuba,
418 435 482 488 una
517 435 559 482 ex
592 411 810 488 Americanis
851 411 991 512 Infulis,

138 535 209 594 uon
236 510 352 608 procul
378 508 422 582 ab
447 506 612 608 Hispania
638 535 750 599 nova,
772 515 807 588 ἃ
833 513 1001 596 florida..

136 607 304 709 Cingitur
328 637 347 682 a
374 608 460 681 mari
483 608 661 684 Atlantico
684 609 718 682 in
741 612 884 722 ingreffu
903 614 993 698 sinus

141 707 344 784 Mtxicani.
373 714 499 790 Formo
525 709 572 784 est
597 710 766 809 oblonga.

190 829 224 906 3.
260 808 461 907 Hispaniola
495 809 609 906 jacens
645 838 664 883 a
699 810 798 886 Cuba
832 813 994 900 Aussrunr

138 907 272 997 versus,
298 912 410 1004 major
435 910 480 984 est
505 936 608 1006 quara
634 912 752 990 Cuba.
788 911 950 1013 Cingitur
974 941 995 997 a

137 1009 221 1092 mari
238 1007 536 1107 Srprrmrrionaii‚
563 1011 630 1084 five
652 1009 854 1105 Atlantico,
882 1012 936 1087 ubi
958 1014 996 1088 in

139 1109 364 1196 Meriranum
402 1110 505 1189 surum
541 1109 684 1187 influit.
720 1117 849 1188 Forma
885 1111 1004 1194 suoru·

136 1212 243 1386 ltunda
270 1209 316 1284 est
338 1235 417 1286 cunt
444 1208 563 1294 multis
599 1212 868 1310 procurrentibus
894 1239 998 1314 angu-

151 1336 201 1396 rs,-

186 1435 224 1505 4.
252 1411 444 1504 Hibernia,
469 1412 537 1488 five
563 1413 742 1504 irlandia,
778 1437 847 1489 nnn
875 1415 1004 1514 procui,

135 1537 156 1594 a
177 1512 382 1602 Britannia,
403 1512 607 1597 Anaeticam
630 1515 764 1594 versut·
788 1512 953 1612 Cingitur
974 1541 996 1588 a

137 1612 227 1699 ruari
253 1612 560 1708 Sepramrnonln
599 1612 793 1702 formarit
819 1609 996 1698 subrutune

136 1715 206 1784 da.

189 1831 226 1904 ς.
250 1812 352 1894 Creta
389 1833 459 1887 uon
494 1811 614 1910 procul
645 1839 664 1884 a
698 1805 831 1892 Grecia
866 1811 998 1908 adjacet

137 1913 317 2005 Europae.
353 1909 560 2008 Cingitura
601 1909 685 1986 mari
723 1907 1000 1996 Mediterranea,

142 2016 268 2094 Forma
292 2011 336 2094 est
364 2015 533 2120 oblonga.

189 2114 227 2189 ό.
251 2107 396 2200 Sicilia,
435 2137 506 2198 nun
529 2113 649 2210 procui
679 2112 721 2191 ab
761 2110 864 2189 Italia
889 2113 995 2209 iacet,

136 2209 307 2310 Cingitur
329 2239 348 2286 a
374 2213 460 2288 mari
486 2213 764 2294 Mediterranea.
797 2218 923 2288 Forma
948 2212 995 2286 est

135 2309 205 2490 fesga
229 2311 430 2414 triangulari
455 2342 469 2413 ;
502 2316 660 2414 quare&
695 2311 874 2398 Trinacria
902 2312 994 2398 difiia

135 2439 155 2488 e
195 2463 205 2484 ι
306 2445 312 2456 ’
929 2487 933 2496 .

166 2535 225 2612 ⁴7.
250 2512 458 2604 Ceilanum,
486 2540 556 2597 non
583 2517 701 2616 procul
724 2516 767 2595 ab
792 2511 898 2592 Indiar
916 2511 997 2598 ulri-

139 2639 201 2700 nro
227 2615 464 2714 promontorio
497 2617 725 2693 Cornorinn.
760 2614 923 2716 Cingitur
953 2615 998 2700 ab

32 2780 35 2792 ,
140 2719 281 2790 Oceano
310 2718 454 2790 Indico.
478 2721 604 2792 forma
627 2719 674 2806 ast
702 2722 863 2792 rotunda.

190 2821 226 2893 8.
254 2815 472 2907 Mindanao,
494 2845 560 2894 una
586 2844 629 2900 rt
659 2817 868 2916 Philippinis
894 2813 929 2890 in
947 2822 998 2892 O·

141 2941 247 2991 ceano
272 2917 444 3004 Pacifico.
474 2921 597 2994 Forma
624 2919 670 2997 eo
695 2917 923 2992 subrutuuda.

190 3041 225 3110 9.
250 3017 402 3089 Sardinia
426 3017 512 3114 jacet
535 3019 571 3092 in
598 3019 683 3097 mari
717 3019 999 3098 Mediterruoto.

145 3117 271 3190 Forma
298 3115 344 3186 est
371 3115 536 3214 oblonga.
847 3187 851 3194 .

196 3235 252 3292 to.
279 3213 449 3289 Choirhis
477 3215 587 3295 insuia
625 3245 692 3297 nnn
726 3214 845 3314 procul
872 3241 891 3298 a
918 3213 1001 3286 Bor·

142 3337 274 3388 neore.
301 3313 463 3414 Cingitur
485 3315 527 3390 ab
546 3319 686 3404 Oceano
709 3315 845 3400 Iudico.
872 3319 999 3401 forna

140 3411 188 3500 est
213 3417 384 3515 obiurga‚
883 3511 931 3590 H·

248 3573 251 3587 .
924 3537 950 3588 rs
