2886 5318
468 229 546 306 414
664 208 694 276 c
716 203 759 278 A
779 205 810 278 P
836 207 922 278 UT
974 201 1031 275 11.

420 337 520 399 cert,
546 329 732 405 eorumque
759 302 1005 402 rapiditatem.
1043 297 1179 374 Praestnt
1207 322 1285 378 ma.

310 451 315 456 ·
422 414 531 512 jerem
561 405 677 508 potius
707 403 854 480 tribuere
882 397 1083 478 fluminibus
1109 425 1201 501 nquae
1228 431 1285 478 eo·

422 512 539 685 piar?
565 507 686 586 deinde
708 531 790 582 ueto
818 529 875 580 eos
899 527 978 580 cum
1001 501 1140 580 Tamefi
1158 527 1212 578 ex.
1231 529 1285 603 gr.

421 639 485 690 cun
501 633 593 686 erre.
916 641 921 649 ·

472 713 516 787 In
541 737 632 786 mure
659 706 953 784 Mediterraneum
990 726 1116 780 nonem
1154 701 1191 778 hi
1217 695 1283 780 flu·
1439 797 1441 807 s

422 814 476 890 nii
503 810 645 890 maximi
674 809 790 883 fluunt
817 813 832 907 (
857 830 972 907 praeret
1015 807 1164 883 minores
1195 807 1280 880 mul·

422 939 477 990 tos
511 912 681 996 Graeciae,
712 911 869 1010 Astaeque
910 905 1086 1000 minoris)
1127 906 1278 996 Iberus,

423 1015 629 1102 Rhodanus,
646 1010 806 1098 Tiberis,
829 1008 959 1095 Padus,
979 1005 1177 1093 Danubius,
1202 1009 1277 1100 Hy·

420 1111 517 1213 penis
540 1168 551 1203 ,
574 1108 818 1202 Borysthenes,
846 1108 1005 1195 Tanais,
1040 1105 1172 1182 Nilus.
1207 1109 1280 1180 Sm-

419 1237 554 1290 tunmus
579 1213 615 1284 in
641 1209 763 1286 horum
788 1207 910 1310 quovis
933 1233 1053 1308 aquam
1077 1208 1143 1281 effe
1168 1209 1279 1282 decies

420 1313 544 1412 majori
581 1309 677 1408 copia
708 1333 810 1409 quam
847 1309 884 1384 in
919 1307 1058 1386 Tamefi
1095 1307 1164 1394 stt,
1206 1333 1278 1380 non

445 1415 509 1490 uod
530 1413 565 1487 in
584 1413 655 1486 uilo
675 1408 714 1484 fit
736 1435 851 1501 tanta,
871 1409 926 1484 sed
948 1433 984 1484 ut
1005 1404 1136 1484 minora
1156 1406 1278 1482 omnia

418 1441 567 1592 demina
592 1511 880 1612 compled‘tamur.

310 1665 315 1678 ‚
446 1615 527 1690 ‘Ad
554 1639 692 1711 pontem
719 1611 1036 1713 Kingttmiensem‚
1069 1632 1136 1709 quo
1171 1607 1274 1684 muris

418 1713 510 1796 tostus
534 1741 707 1816 nunquam
735 1714 907 1813 pervenit,
936 1713 1027 1788 alvei
1057 1711 1199 1788 latitudo
1229 1711 1275 1782 est

419 1819 576 1893 ulnarum
608 1841 709 1908 100,
733 1814 946 1914 profunditas
973 1812 1112 1904 trium,
1147 1813 1170 1885 st
1205 1811 1281 1886 ubi·

418 1917 828 2094 33:„d?1²'2;‡di¹2⁵’
855 1913 1278 2115 ieiunumst

419 2143 495 2219 300
529 2118 613 2196 ulnae
646 2115 803 2209 cubitu,
838 2142 911 2218 quae
948 2113 1180 2216 multiplicate
1216 2139 1276 2212 per

418 2227 575 2314 48000,
608 2247 680 2321 quae
708 2217 800 2296 horis
836 2246 886 2317 24
919 2215 1104 2309 defluunt,
1131 2241 1191 2292 aut
1216 2237 1273 2312 per

420 2325 571 2419 84480,
597 2347 635 2394 ue
661 2323 777 2396 demus
804 2321 973 2421 plusquam
1002 2315 1078 2394 satis
1105 2319 1182 2408 eii,
1218 2316 1276 2392 ht·

418 2420 512 2494 beres
540 2441 584 2514 25
613 2443 762 2518 344000
794 2424 891 2498 ulnas
929 2420 1097 2511 cubicas,
1136 2420 1200 2494 hoc
1228 2415 1275 2492 est

419 2540 467 2596 20
493 2543 644 2618 300000
668 2522 862 2610 doliorum,
891 2547 1011 2620 quaea
1048 2519 1186 2623 singulis
1214 2547 1274 2594 no·

416 2645 495 2696 vem
532 2620 725 2722 ingentibus
762 2621 882 2698 fluviis
922 2621 1087 2697 ferrentur
1129 2623 1164 2698 in
1205 2647 1273 2696 me·

417 2749 452 2795 re
487 2777 497 2796 .
543 2725 598 2796 Ab
631 2725 788 2800 omnibus
823 2747 901 2821 ergo
939 2721 1037 2798 stmul
1068 2721 1275 2800 deferrentur

417 2825 514 2922 1827
541 2822 712 2900 milliones
747 2823 949 2916 doliorum,
981 2851 1053 2925 qum
1091 2851 1179 2925 aquae
1217 2847 1273 2898 co·

414 2922 470 3022 pia
490 2923 551 3000 vix
579 2929 711 3002 excedit
730 2923 865 3000 tertiam
890 2951 1020 3026 partem
1044 2952 1132 3026 aqum
1154 2923 1189 2998 in
1215 2950 1273 2998 va·

414 3051 512 3126 poree
537 3030 661 3105 evediae
690 3054 709 3102 e
738 3023 992 3104 Mediterranea
1024 3026 1143 3118 muri,
1180 3025 1273 3131 horis

416 3147 474 3204 12.

465 3233 547 3305 Non
581 3257 663 3332 ergo
699 3223 812 3334 augeri
853 3227 1058 3307 fluminibus
1083 3257 1176 3310 mate
1212 3253 1269 3326 po·

414 3325 494 3404 test.
520 3332 582 3408 Sed
611 3357 718 3434 neque
745 3329 850 3436 potest
878 3331 1037 3410 imminui
1064 3335 1109 3412 ob
1137 3327 1269 3498 plegius
