2886 5318
490 313 648 393 n4·
717 283 979 356 caput
1048 285 1097 354 m

629 548 632 556 .
665 491 718 561 De
743 483 898 559 orontium
923 482 1068 584 origine.

489 692 563 770 Etsi
595 688 769 767 montium
803 684 974 788 originem
1008 681 1196 775 eamdem,
1228 711 1304 785 quae
1432 752 1437 777 ,

442 799 559 874 Terrae
585 795 653 882 est,
675 791 739 866 esse
767 812 955 888 putemus,·
980 789 1122 861 Terram
1143 784 1305 861 videlicet
1431 794 1435 839 ἓ

441 895 617 974 montibus
639 891 867 978 instruam,
902 889 954 962 uti
980 913 1070 962 nunc
1094 887 1162 979 est,
1188 912 1208 960 e
1235 883 1303 961 Dei

440 1006 487 1074 0.
518 999 575 1070 Μ.
602 991 757 1066 monibus
781 986 937 1088 prodiisse
963 1017 972 1062 :
1009 1015 1079 1062 non
1104 987 1226 1063 inutile
1252 1011 1304 1060 ta·

439 1092 617 1172 mensore
653 1087 886 1177 confidimus,
922 1111 1016 1161 certe
1053 1114 1121 1164 non
1149 1089 1306 1187 injucun-

439 1197 523 1272 dum
548 1247 561 1283 ,
588 1187 871 1302 Philosophorum
897 1185 1078 1284 opiniones
1105 1186 1237 1287 aliquot
1262 1188 1305 1263 de
1439 1249 1440 1252 ,

438 1293 571 1396 origine
599 1313 772 1366 montrum
804 1285 965 1398 enhibere
984 1311 1007 1401 '3
1045 1286 1164 1386 quibus
1202 1315 1307 1384 oppa.

439 1419 512 1472 reat
538 1419 642 1492 quam
669 1387 797 1478 ferax,
824 1411 896 1470 rmo
921 1412 1034 1486 potrus
1059 1413 1160 1486 quam
1188 1391 1304 1464 audax
1426 1466 1429 1479 ,

437 1499 623 1572 humanum
655 1488 832 1592 ingenium
869 1486 943 1576 bt,
985 1491 1021 1562 δι
1056 1513 1161 1587 quam
1186 1513 1306 1588 prom.

437 1622 536 1710 ptum
558 1595 603 1711 fle
630 1595 728 1668 rebus
752 1587 897 1666 obscuris
923 1587 1087 1689 judicium
1108 1587 1194 1664 serre
1220 1613 1305 1664 con-

439 1702 719 1895 1ueSvtiriitipusbus
745 1795 911 1894 placeat,
944 1817 1078 1868 montes
1111 1790 1149 1868 in
1191 1795 1303 1868 Tem

441 1899 546 1976 variis
571 1897 778 1996 temporibus
802 1919 895 1972 ortos
930 1895 995 1969 esse
1020 1922 1033 1996 3
1069 1891 1227 1994 quamvis
1252 1891 1304 1968 di·

443 1999 527 2073 uersi
553 1997 656 2074 iidem
683 2000 834 2086 abeant,
864 2024 883 2070 a
909 1995 1011 2070 causis
1034 1993 1163 2070 scilicet
1190 1994 1305 2068 diver·
1422 2084 1427 2103 Ι

440 2101 481 2174 fis
516 2101 759 2200 pbaenomenon
796 2099 861 2174 boc
898 2119 1028 2172 tantum
1075 2094 1301 2172 derivandum

439 2202 505 2276 osse
527 2202 760 2276 arbitrentur.
787 2199 944 2290 Quarum
968 2225 1079 2273 rerum
1106 2257 1117 2294 ‚
1143 2195 1303 2296 inquiunt
1423 2271 1428 2282 ,

442 2301 516 2393 illi,
541 2303 702 2377 naturalis
726 2298 897 2397 corruptio
924 2299 995 2389 est,
1025 2324 1139 2374 earum
1166 2323 1301 2397 quoque

442 2402 618 2502 generatio
641 2400 803 2476 naturalis
831 2399 871 2475 stt
904 2422 1066 2496 oportet.
1097 2397 1225 2500 Ecquis
1248 2426 1306 2475 au·

356 2543 359 2548 >
442 2528 513 2576 tem
541 2502 695 2601 ignorat,
721 2501 859 2588 addunt,
887 2524 1021 2574 montes
1046 2525 1114 2574 non
1142 2527 1264 2600 paucos
1289 2555 1302 2590 ,

355 3366 397 3448 N

440 2598 551 2674 saxeis
570 2597 932 2695 subjestis-sornicibus
951 2599 1056 2673 exefis
1075 2654 1086 2689 ,
1110 2590 1210 2704 itque
1237 2601 1303 2676 dis·

441 2699 586 2792 srasiis,
612 2698 819 2775 subsedisse?
856 2702 997 2773 Montes
1025 2728 1179 2798 proterea
1204 2700 1304 2800 quos·

439 2800 526 2920 dam
544 2800 647 2876 variis
670 2825 766 2874 natos
791 2799 857 2873 esse
882 2799 1092 2899 temporibus
1114 2805 1199 2879 tessae
1224 2800 1300 2876 sut·

440 2900 544 2990 dent,
570 2905 605 2976 δι
630 2902 766 2975 concbae
791 2958 801 2993 ,
824 2903 859 2976 &
883 2900 1010 2998 pisces,
1036 2908 1070 2980 δι
1096 2905 1163 2980 ossa
1193 2930 1302 3001 ‚qua

441 3002 480 3077 in
501 3002 626 3104 lapides
649 3003 857 3094 immutata,
882 3003 919 3078 in
947 3004 1097 3105 pluribus
1122 3002 1298 3082 montium

442 3103 624 3180 visceribus
650 3103 898 3182 inveniuntur.

493 3205 637 3282 sivero
669 3205 767 3282 hosce
809 3207 978 3283 Auuores
1012 3206 1203 3310 interroges
1228 3233 1297 3310 quo
1423 3232 1430 3289 'r

444 3309 550 3384 modo
575 3307 680 3408 geniti
710 3333 843 3386 montes
879 3309 914 3382 bi
953 3307 1108 3384 suerint:
1147 3309 1207 3383 alii
1241 3311 1297 3381 do·
1417 3274 1427 3375 i

445 3431 519 3482 tent
548 3410 784 3492 vehementem
818 3435 992 3505 rentum,
1024 3435 1157 3488 arenam
1185 3407 1221 3480 in
1246 3408 1299 3480 lo·

1168 3531 1245 3585 curn

1420 3568 1424 3651 s

1421 3656 1431 3760 s
