2930 5272
567 275 644 350 394
752 250 846 321 CA
870 253 902 321 P
930 249 1016 319 UT
1065 249 1155 320 Vll.

516 352 629 457 digito
678 371 817 438 tentas,
850 349 885 422 dt
910 369 1066 437 atteras,
1105 345 1215 450 tnagis
1240 349 1348 426 lucent
1358 375 1384 447 ,⁴

522 457 549 530 fi
576 376 783 557 proliquaris
818 447 1004 538 attritum,
1027 448 1146 524 charta
1173 451 1384 543 incenditur,

521 560 559 632 ἃ
586 547 851 652 cutirnudurit.
876 548 1055 641 Quamdiu
1083 549 1196 642 lucet,
1234 549 1381 628 ascendit

521 655 671 740 albicans
698 677 821 749 uapor.
848 648 885 723 Si
915 651 1028 746 major
1054 651 1385 742 initiatarum&

520 754 658 833 inacte
682 752 817 858 caiido,
844 751 886 824 ab
911 751 1042 826 interna
1066 779 1147 854 ergo
1174 753 1293 845 causa,
1315 777 1384 828 nun

520 860 566 934 ab
593 855 766 931 ambiente
791 850 902 926 fluido
929 852 1109 952 procedit.
1143 851 1179 928 Si
1216 856 1385 934 excitatur

520 955 665 1047 attritu,
691 957 726 1028 dt
747 953 845 1040 urit,
873 979 955 1053 ergo
983 955 1044 1029 lux
1071 954 1162 1056 iguis
1186 957 1258 1046 est,
1281 955 1338 1054 qui
1365 981 1386 1028 c

520 1055 713 1171 phosphore
740 1052 918 1154 prodiens,
945 1056 1057 1132 lucem
1085 1054 1212 1156 agitat,
1242 1056 1298 1132 cui
1322 1077 1386 1128 oc-

519 1182 647 1233 uurrrt.

573 1257 787 1357 Phosphorus
813 1249 1052 1347 Bononienfis‚
1079 1254 1167 1355 lapis
1189 1255 1386 1332 calcinatus

522 1359 591 1437 est.
618 1359 656 1434 Si
682 1357 808 1432 linteus
835 1383 961 1456 paunus
986 1360 1129 1432 mundus
1167 1357 1247 1458 igne
1272 1355 1388 1433 maxi·

521 1487 579 1538 une
605 1457 804 1544 calciabius,
827 1460 864 1532 in
886 1461 1066 1535 obscurum
1093 1457 1313 1534 transferatur
1332 1459 1387 1532 lo·

481 1589 485 1594 ’
522 1587 624 1649 cum,
651 1581 818 1659 manuque-
852 1561 1100 1651 concutiatur,
1136 1577 1246 1635 cernet
1269 1558 1304 1634 in
1328 1585 1388 1634 ae-

520 1691 580 1755 re,
599 1660 780 1764 pracsertim
800 1652 948 1758 frigido,
973 1663 1064 1760 quast
1086 1659 1253 1736 scintillas
1273 1657 1386 1760 ignis,

519 1765 563 1840 iit
598 1761 780 1861 prasertim
815 1761 902 1834 locis
922 1794 940 1850 ,s
969 1761 1093 1862 quibus
1128 1760 1301 1838 maximus
1334 1759 1387 1834 est

521 1889 641 1942 manua
667 1864 835 1938 attritur.
871 1861 967 1954 Quid
1003 1858 1112 1959 quaeso
1138 1865 1201 1937 lux
1228 1864 1298 1941 hrec
1323 1859 1386 1938 nifi
1456 1943 1457 1952 χ

521 1963 612 2079 ignis
638 1963 703 2039 eii?
724 1961 891 2077 'Maxima
916 1961 1113 2077 utiqueneu
1153 1962 1386 2077 phosphorum

523 2064 975 2248 iiiissui¹¹it¹²²iiiiii
988 2065 1079 2258 ,iii
1093 2061 1386 2242 iiiiii&

523 2270 726 2369 pellucida,
766 2267 827 2346 sub
853 2295 920 2370 qua
957 2265 1102 2343 materia
1128 2266 1240 2342 fiuida
1271 2265 1390 2340 lucens

522 2393 586 2464 per
612 2369 747 2441 minuta
773 2371 910 2472 aliquot
934 2373 1042 2442 etiarn
1068 2368 1244 2471 poiiquauu
1264 2391 1283 2438 e
1306 2391 1389 2441 ven·

521 2489 572 2540 tre
598 2467 752 2565 ertpueiia¹
773 2469 890 2568 digitis
915 2469 995 2541 est.
1031 2469 1145 2544 Lucet
1184 2470 1219 2543 in
1244 2463 1388 2542 animali

521 2593 581 2667 per
604 2565 821 2661 uictuquaii'
841 2567 944 2666 ipsius
966 2566 1130 2644 arbitrio.
1157 2569 1288 2668 Magna
1314 2567 1387 2644 ani·

521 2667 667 2745 maliurn
696 2665 857 2741 iimiiiunt
886 2666 986 2765 topia
1012 2667 1050 2744 in
1085 2669 1205 2773 quovis
1231 2671 1389 2746 clemen·

521 2789 560 2839 to
585 2767 658 2858 est,
678 2792 829 2867 quorum
861 2767 928 2842 duo
951 2769 1007 2843 uei
1045 2772 1111 2848 tria
1142 2769 1233 2843 virro
1272 2772 1388 2850 clausa

521 2865 653 2943 iaciunt
679 2894 716 2942 ur
734 2869 879 2968 objeiia
919 2869 1049 2948 obscuri
1076 2870 1227 2946 cubiculi
1263 2874 1388 2955 omnia

520 2967 663 3045 discerni
689 2989 849 3070 queant.
887 2973 1017 3074 Magna
1044 2973 1150 3048 musca
1189 2969 1391 3055 lucentiu-

522 3097 627 3148 eetna
648 3097 785 3148 munere
802 3069 955 3174 fungitur
976 3077 1062 3175 apud
1086 3073 1305 3158 Antibarunt
1329 3075 1391 3154 ies·

523 3170 635 3248 sores.
664 3171 883 3252 Adriaticum
910 3203 1000 3252 mare
1026 3176 1170 3252 abundat
1197 3181 1389 3254 animalcu·

525 3271 570 3348 lis
596 3273 740 3350 cruibrie
767 3279 884 3378 capitis
900 3303 1003 3366 acue,
1020 3279 1242 3356 ducentibus.
1269 3276 1390 3352 stolo·

523 3375 656 3472 pendrae
672 3376 1011 3496 aViarteilutquicu
1029 3377 1175 3470 detexit,
1188 3377 1278 3454 ditet
1289 3372 1390 3458 suut·

1146 3537 1151 3545 .
1216 3476 1222 3484 ’
1246 3474 1335 3556 Alia
