2876 4304
217 299 431 378 rursm*
455 301 831 382 Punrrcumnrs
854 331 929 408 4¹7

137 454 140 460 ·
168 401 292 480 Liceat
316 425 406 476 nunc
425 401 566 480 demum
584 405 783 480 concludere
804 409 982 508 pluviam,⁸

48 589 51 594 ¹
118 507 155 578 δι
181 528 286 602 aquea
312 527 430 577 catera
463 523 615 578 mettora
651 502 801 582 sufficere
826 505 980 586 flaminia

119 605 184 678 bue
208 601 371 701 alendis;
409 627 511 701 quare
535 604 737 700 hypotheses
772 606 846 682 illas
884 613 982 687 tubo·

117 729 220 793 turn,
244 705 305 779 etsr
330 702 533 802 poffibiles,
564 705 623 776 etsr
651 706 753 780 etiarn
782 709 983 792 verisimiles
1076 765 1080 770 -

118 803 259 977 egent,
307 801 440 878 tatione
480 803 720 905 superfluitatis
763 807 984 888 eliminandae

117 927 206 978 te.
786 965 791 974 -
823 939 826 942 ·

451 1107 488 1207 ς.
540 1111 660 1184 xrv.

283 1315 337 1386 De
363 1251 557 1416 Montibus,
580 1315 625 1384 (9·
649 1313 690 1388 de
716 1337 822 1390 tuum
954 1256 957 1262 Ι

366 1431 378 1506 f
473 1411 617 1512 origine.

367 1563 374 1605 l

166 1615 293 1707 Quum
320 1609 438 1710 primis
461 1611 561 1708 hujus
583 1613 719 1712 Capitis
747 1623 801 1712 §§.
831 1621 980 1696 Terram

118 1716 191 1792 fere
207 1709 401 1812 sphaetitam
425 1711 487 1786 elle
511 1711 731 1802 tradidimus,
753 1740 822 1789 non
841 1741 883 1792 to
903 1717 980 1794 sane

116 1813 211 1888 sensu
238 1809 383 1912 figurant
424 1813 510 1888 hanc
542 1811 681 1889 Telluri
707 1813 888 1892 convenire
910 1843 984 1892 mo·

114 1914 276 2004 nuimus,
300 1935 341 1986 ut
360 1937 468 2012 partes
490 1915 609 1988 Terra
626 1939 767 2006 omnes,
792 1939 864 2018 quat
886 1942 985 1992 mon.

116 2015 211 2118 tibus
235 2037 411 2114 expertes,
436 2017 471 2088 δι
496 2017 600 2110 planat
620 2014 803 2106 videntur,
828 2019 984 2094 eamdent

114 2113 261 2192 omnino
286 2115 434 2190 habeant
453 2138 472 2188 a
494 2118 611 2191 Tentat
629 2139 747 2192 centro
768 2117 980 2194 distantiam·-

117 2222 200 2294 Hoc
226 2213 319 2292 eninr
344 2213 465 2291 falsum
491 2217 556 2292 effe
580 2213 771 2293 fluminum
796 2219 905 2320 lapsus
929 2219 981 2294 in}

116 2316 303 2394 vibliffime
321 2314 515 2419 persuadet3
541 2343 648 2419 quum
669 2316 858 2409 fluidorum
885 2343 982 2396 natu·
1064 2319 1066 2326 ’

117 2447 157 2496 ra
180 2419 244 2512 stt,
268 2443 307 2495 ut
333 2420 375 2494 ab
401 2418 580 2494 altioribus
612 2419 655 2496 ad
694 2420 877 2496 humiliora
905 2423 982 2496 loca

114 2519 336 2598 descendant.
360 2517 478 2610 Quare
500 2547 607 2621 quum
625 2519 777 2596 -llunaina
799 2521 843 2596 ad
870 2547 979 2598 unum

112 2623 233 2699 omnia
259 2621 296 2698 in
324 2647 417 2698 mate
441 2622 665 2722 proculdubio
691 2617 829 2715 lluant,
866 2627 978 2700 Terta

112 2723 221 2826 igitur
247 2747 346 2824 prout
374 2725 477 2798 maris
513 2723 687 2800 littoribus
721 2723 871 2802 vicinior
906 2725 978 2818 est,

114 2825 165 2900 ita
188 2829 223 2900 δι
244 2823 411 2900 humiliot
435 2825 474 2900 lit
496 2849 653 2926 oportet.
681 2825 885 2903 Bobentiarn
911 2825 976 2928 igin

116 2949 174 3000 tut
198 2927 354 3001 Hollatia
379 2925 445 3000 elle
466 2928 624 3002 altiorem
655 2925 752 3000 Albis
770 2925 875 3003 fluuii
903 2953 979 3000 eut.

116 3022 175 3096 lus
199 3023 279 3100 latis
305 3024 475 3113 ostendit,
498 3025 557 3124 qui
585 3055 606 3104 a
633 3025 798 3103 Bohentia
823 3029 864 3100 ad
889 3023 981 3099 tion

118 3121 239 3198 satiant
263 3123 374 3198 fluit.
414 3123 585 3200 Helvetia
611 3127 730 3217 item,
766 3129 802 3200 dt
838 3121 982 3219 libaria

118 3227 240 3300 Terra
272 3221 433 3296 altiliinnt
468 3220 531 3295 lint
565 3251 732 3321 oportet,
765 3249 873 3323 quum
899 3221 977 3296 inde

120 3325 292 3416 Rhenus,
325 3321 543 3413 Rhodanus,
578 3323 817 3421 Danubiusque
842 3321 979 3402 fluant.

119 3427 302 3520 Quantum
336 3449 418 3526 ergo
448 3423 495 3498 ell
528 3421 717 3532 fluvionun
755 3421 979 3515 declinium,

163 3581 170 3602 .
223 3531 301 3604 Lib.
327 3533 373 3600 11.
623 3527 705 3602 Dd
857 3549 931 3602 tan·
