2930 5272
447 205 586 299 ,κύ
696 197 1067 272 CAPUTIK
1215 284 1218 290 ,
1411 277 1419 300 ι

462 303 584 392 scunt,
618 297 819 396 tandemque
845 293 1105 374 accenduntur.
1143 298 1314 379 Incalescit
1407 304 1422 402 ’,Υ

462 403 547 478 serra
571 399 629 474 diu
640 398 761 498 agitata
785 395 948 476 fundendis
974 394 1100 497 lignis,
1128 403 1163 475 &
1184 403 1316 497 contbn-
1411 400 1413 411 '

463 505 589 578 llorum
615 523 841 575 ramentorum
869 496 953 596 ligni
981 500 1121 572 odorem
1148 502 1313 580 effundit.
1426 550 1428 559 ι

465 602 618 679 Lamina
654 597 788 676 contusa
828 600 950 672 malleo
988 595 1193 691 incalescit,
1232 602 1317 678 inca·
1426 596 1430 655 ³

464 701 558 777 lescit
584 704 620 777 ἃ
645 698 814 774 malleus.
843 697 1068 771 lnllrumtnta
1095 699 1176 776 item
1204 700 1315 778 omnia

364 823 367 830 ·
464 801 640 878 fabrorum
678 825 752 874 tum
791 797 906 898 ligni,
941 823 1015 870 tum
1053 797 1140 874 ferri·
1172 805 1317 878 calorem

464 902 686 988 contrahunt,
710 901 792 972 dum
818 897 904 986 diu,
930 900 964 972 δι
992 924 1112 998 magna
1136 901 1316 1001 agitatione

465 1001 504 1075 in
530 999 604 1075 suos
626 996 702 1074 usus
725 994 943 1070 adhibentur.
972 999 1098 1076 Fotsex
1126 999 1314 1093 incalescit,
1420 1019 1425 1026 '

433 1147 436 1152 ·
465 1101 549 1176 dum
575 1096 696 1196 frigida
728 1096 868 1172 metalla
903 1095 961 1172 diu
998 1096 1127 1174 findit.
1160 1106 1206 1174 Et
1239 1102 1318 1176 dum

491 1227 526 1272 et
557 1197 721 1272 foramina
758 1196 886 1296 semper
926 1197 1072 1273 arctiora
1106 1196 1315 1275 metallicum

463 1227 563 1376 silum
589 1293 791 1387 traducitur,
819 1297 965 1374 calidum
990 1295 1060 1370 fit.
1088 1297 1157 1391 Qui
1184 1299 1313 1399 polien-

462 1399 515 1475 rlis
537 1396 686 1492 metallis
711 1421 851 1497 operam
879 1423 1033 1488 navant,
1068 1396 1197 1498 ligno,
1234 1424 1318 1498 pau·
1423 1465 1428 1476 .

463 1527 532 1592 no,
558 1495 625 1574 &o
650 1499 796 1574 calorem
823 1498 993 1592 chalybi,
1020 1525 1102 1574 auto
1126 1554 1137 1591 ,
1160 1524 1316 1601 argento-

463 1628 530 1702 que
563 1597 850 1676 communicant.
885 1598 956 1690 Qui
994 1597 1111 1676 sunem
1149 1627 1246 1674 manu
1267 1624 1317 1675 tt·

463 1727 545 1776 neos
570 1725 589 1774 e
615 1697 755 1775 sentslra
780 1696 975 1788 descendit,
1014 1699 1087 1777 solo
1124 1699 1317 1777 sustentatus

348 1885 352 1894 ¹
465 1801 577 1890 fune,
612 1826 735 1901 magno
762 1797 820 1872 suo
847 1798 975 1873 damno
1000 1825 1162 1900 magnum
1187 1799 1314 1902 expeti·

467 1922 523 1975 tur
545 1900 580 1973 in
607 1927 710 1974 manu
734 1901 898 1974 calorem.
1425 1958 1428 1999 ;

519 1997 638 2078 Fluida
663 2025 773 2078 tamen
801 2000 923 2076 attritu
949 2002 1096 2076 calorem
1123 2027 1192 2079 non
1227 2030 1321 2080 com·

466 2101 643 2178 municant
663 2135 684 2196 ;
718 2124 755 2177 ut
779 2097 882 2177 fluvii
915 2127 1002 2204 aqua
1033 2101 1140 2178 scrtto
1172 2105 1274 2206 globo
1297 2135 1322 2198 ς

465 2201 521 2281 sed
560 2201 742 2278 solidorum
782 2201 922 2278 attritus
957 2203 990 2282 id
1026 2204 1130 2304 potest
1166 2259 1176 2279 .
1221 2208 1320 2280 Nunt

464 2303 654 2376 bombardae
680 2305 800 2400 globus
835 2307 983 2380 calonem
1020 2303 1171 2402 concipit
1205 2331 1247 2380 tx
1272 2329 1322 2382 at·

349 2471 354 2480 ,
462 2399 549 2471 tritu
575 2425 653 2474 cum
681 2402 780 2475 atre?
802 2408 884 2478 Non
909 2403 1046 2480 censeo.
1066 2407 1141 2478 Cur
1166 2432 1234 2482 non
1261 2433 1318 2504 po-

461 2494 529 2594 tius
553 2525 595 2570 ex
619 2499 735 2573 attritu
760 2501 797 2576 in
825 2503 987 2576 tormenti
1012 2501 1171 2580 lateribus
1198 2509 1211 2582 ἓ
1248 2508 1319 2580 Vel

459 2593 534 2672 illu
559 2596 594 2669 in
621 2601 787 2691 Terram,
811 2601 894 2674 dum
926 2601 1052 2677 cadit?
1092 2607 1188 2681 Num
1215 2628 1321 2680 vento

452 2695 628 2772 incalescit
662 2697 832 2774 serrum?
879 2698 1082 2802 Ecquisnant
1122 2707 1318 2781 uehementi
1439 2697 1443 2800 l

457 2796 993 2898 nentoseexponerct,utattritu
1014 2803 1200 2880 calefieret?
1225 2803 1321 2898 Quis
1441 2801 1443 2858 ῗ

456 2899 596 3000 globum
624 2898 739 3002 attigit
767 2901 926 2978 tormenti
951 2903 1120 2981 statima'e
1141 2903 1291 2984 cecidit?

509 3003 606 3078 Num
631 3001 670 3076 iu
694 3000 800 3097 sylvis
826 3003 912 3080 tami
940 3003 1073 3082 accendi
1111 3029 1235 3084 mutuo
1260 3033 1315 3085 at·

459 3099 545 3178 tritu
572 3105 733 3200 possunt?
758 3107 830 3180 Cur
854 3109 957 3186 non?
997 3103 1209 3209 Vegetabilia
1237 3135 1316 3209 pro·

459 3199 551 3288 fello
573 3204 688 3306 ignem
714 3207 923 3302 continent„
947 3235 1045 3287 nutes
1068 3209 1222 3288 manibus
1246 3209 1320 3310 agi·

461 3321 537 3378 tata
559 3301 783 3388 incalescunt.

1153 3411 1262 3500 Tym-
