2918 5378
509 309 559 399 γε
724 294 1056 370 caruit

460 402 595 502 vertigo
628 394 720 473 Sulis
752 447 763 490 ‚
795 393 904 471 oculis
941 394 1019 494 ipfic
1061 395 1322 476 exhiberetur.

458 507 604 580 Macula
632 500 681 574 hae
707 498 839 575 salisa
859 495 997 574 Gelileo
1033 501 1146 574 nostro
1173 501 1322 600 primum

458 603 598 682 deteilae
624 599 781 697 sucrum3
818 626 838 672 a
867 597 1050 674 Scheiuero
1080 601 1239 703 deinceps
1266 605 1327 678 ob·

458 703 618 793 servare,
644 701 703 801 qui
733 717 847 776 tamen
868 699 951 775 salsa
978 701 1087 774 multa
1122 705 1163 776 de
1186 703 1266 804 ipfis
1291 703 1327 778 in

460 802 611 880 medium
639 797 813 902 protulit,
849 826 920 898 quae
949 800 1060 890 inter,
1100 799 1182 876 illud
1211 803 1328 904 praeci.

458 931 565 1008 puum
592 905 638 980 est
665 900 758 1002 quud
787 893 921 974 asseruit
948 903 1099 974 maculas
1127 903 1219 977 husee
1249 910 1325 979 Pla·

457 1031 551 1082 netas
577 1009 640 1082 else
670 999 848 1079 Mercurio
873 997 1074 1090 inferiores,
1101 1000 1157 1076 scu
1184 1003 1324 1078 §olivi-

457 1107 627 1206 ciuiores;
653 1105 869 1204 quodquam
896 1099 1014 1178 salsum
1043 1103 1082 1177 fir
1120 1099 1209 1176 infra
1235 1103 1328 1176 dice.

366 1227 370 1238 '
461 1235 559 1282 mus.
588 1204 748 1279 ueretris
770 1207 805 1277 δι
828 1201 1019 1278 observatas
1045 1202 1198 1300 primum
1225 1206 1330 1278 aGa·
1453 1275 1454 1286 ,

462 1307 547 1380 lileo
571 1305 727 1394 suilse,&
748 1301 938 1380 observatas
959 1301 1070 1380 mense
1086 1305 1198 1402 Aprili
1223 1309 1332 1386 1611.

461 1407 497 1480 in
526 1407 636 1483 horris
663 1403 900 1497 Quirinalibus
926 1408 1067 1480 testatur
1094 1407 1159 1506 ipse
1185 1431 1325 1506 quoque

463 1513 646 1582 Tannerus
672 1507 707 1580 in
733 1503 805 1606 ipso
833 1507 963 1606 inquo
991 1507 1195 1582 Scheinerus
1212 1509 1324 1608 lugol-

463 1607 611 1683 lladiensr
637 1607 801 1709 Collegio
831 1607 1029 1703 profatur,-
1061 1635 1144 1708 quas
1169 1610 1328 1682 Scheine·
1454 1657 1455 1674 i

461 1737 537 1802 rus,
565 1710 690 1786 nuncio
702 1709 750 1784 rei
774 1709 1249 1810 acceptu,meus1s06iobri'c
1273 1710 1329 1784 die
1454 1725 1455 1738 ¹

463 1833 523 1887 22.
550 1815 670 1887 eodem
700 1838 791 1887 anno
817 1810 1012 1888 observavit
1023 1837 1037 1915 3
1064 1812 1116 1887 sed
1140 1810 1327 1890 casdemil·
1454 1861 1455 1872 η

460 1915 510 1989 las
535 1914 704 2014 descripsit
739 1942 821 2015 quas
849 1913 1007 1991 Galileus
1047 1915 1180 2012 Aprilis
1221 1909 1329 1988 mensi

460 2016 701 2090 couvenientes
738 2015 976 2089 observaverat
1000 2047 1020 2108 ;
1056 2041 1115 2110 per
1151 2020 1243 2113 quod
1272 2011 1329 2083 vel

459 2117 611 2231 plagium
638 2115 759 2203 suum,
788 2116 844 2187 vel
869 2115 960 2224 suam
990 2111 1027 2186 in
1055 2113 1117 2183 hac
1159 2140 1194 2184 re
1221 2112 1332 2207 impe·

458 2243 575 2292 rrtram
604 2213 786 2317 patefecit.
1454 2265 1455 2276 ,

509 2315 589 2406 Qua
624 2314 682 2383 via
719 2334 804 2383 uero
842 2307 936 2406 quod
974 2307 1076 2384 Plato
1112 2309 1291 2383 asseruerat
1323 2366 1335 2400 ‚
1454 2319 1455 2412 p

460 2415 519 2488 vel
543 2414 662 2486 saltem
700 2405 882 2504 suspicatus
916 2433 987 2482 erat
1021 2465 1031 2500 ,
1067 2411 1179 2485 Solem
1209 2406 1335 2482 vide-li·

464 2536 517 2589 cet
545 2511 634 2586 circa
662 2535 760 2584 axem
796 2509 898 2583 rotari
937 2509 1069 2600 suum,
1119 2511 1152 2584 id
1190 2509 1338 2584 macula·

464 2639 541 2690 rum
566 2639 632 2712 ope
654 2611 919 2686 demonstratum
935 2611 1000 2702 srt,
1026 2635 1061 2686 ut
1086 2613 1142 2686 via
1171 2616 1205 2686 &
1229 2611 1328 2686 ratio·

465 2741 508 2790 ue
533 2715 762 2814 explicemus:
784 2741 873 2812 pono
900 2713 954 2786 hic
983 2717 1096 2787 rudem
1127 2716 1222 2789 illum
1247 2719 1335 2786 Ura·
1455 2741 1456 2812 1

465 2817 529 2890 niae
556 2841 740 2890 amatorem
779 2817 891 2913 nigras
928 2812 963 2886 in
991 2816 1068 2888 Sole
1098 2821 1243 2890 maculas
1265 2819 1334 2888 Te·

363 2941 377 2954 “
465 2914 614 3018 lescopio
649 2917 918 3004 observantem,
952 2917 1038 2988 circa
1076 2943 1157 3016 quas
1184 2925 1330 2991 nubecu·
1392 2953 1400 2978 ι

465 3023 533 3095 lam
562 3019 654 3094 videt
688 3017 853 3110 fuscam,
890 3017 979 3115 quasi
1006 3018 1140 3093 sumum
1172 3075 1182 3111 ,
1210 3019 1333 3092 clariu-

465 3149 535 3197 rem
561 3121 598 3196 in
628 3121 742 3195 medio
769 3119 1008 3220 irregularique
1036 3119 1165 3222 figura.
1192 3119 1326 3196 Cresce-

464 3248 498 3297 re
525 3221 770 3298 animadvertit
796 3222 855 3295 has
883 3225 1052 3312 maculas,
1091 3249 1190 3321 atque
1219 3223 1332 3296 decre·

464 3323 577 3416 scere,
604 3323 716 3426 augeri
743 3348 918 3414 numeru,
957 3326 1139 3412 imminui,
1169 3325 1362 3399 accedere·

463 3425 700 3523 adinvicem,
728 3430 783 3507 vel
806 3423 875 3505 ase
899 3451 1021 3506 mutuo
1045 3427 1196 3504 recedere
1206 3459 1227 3518 ,·
1254 3416 1335 3531 elias

1213 3545 1283 3594 orl·
