2876 4304
216 328 429 402 aurstein:
456 325 827 398 rAnrrcutAmr
848 333 918 422 507

104 429 254 536 qualiter
277 425 410 526 premi,
435 427 521 500 adeo
546 451 585 500 ut
613 450 719 526 neque
747 425 902 498 mollium
927 423 965 504 fi.

103 558 191 634 guta
225 555 415 617 mutetur,
451 553 557 624 neque
593 526 726 624 fragilia
750 525 976 625 frangantur,

108 655 204 730 patet
226 629 285 704 ovi
314 626 553 728 experimento
582 683 592 716 ,
632 627 723 725 quod
748 625 859 700 vestra
885 653 969 726 aquo

109 735 218 832 plena
245 727 410 804 inclusum
444 784 454 818 ,
492 729 638 826 pondere
674 751 800 827 magno
827 729 969 824 pressum
1098 771 1102 780 ·

1 881 2 885 =
110 831 266 906 minimo
282 829 452 927 frangitur
477 883 486 903 .
525 833 639 902 Foetus
662 828 745 902 item
772 827 804 900 in
834 851 931 900 utero
958 881 970 918 ,

109 931 225 1006 sluido
252 929 481 1004 circumdatus
507 984 517 1016 ,
543 929 592 1002 nil
618 927 815 1002 detrimenti
841 926 933 1025 capit
961 978 972 1002 .

112 1036 231 1106 Itntno
258 1057 300 1105 ne
322 1054 425 1131 guttae
451 1029 586 1129 quidem
615 1028 770 1130 cujusque
803 1026 902 1102 lluidi
930 1027 974 1102 li·

111 1160 230 1236 gum,
268 1130 431 1230 pressione
470 1129 609 1204 alterius
649 1131 749 1206 fluidi
797 1135 838 1205 ab
873 1128 972 1206 omni

1 1287 2 1310 1
116 1257 212 1336 parte
237 1232 380 1334 aquali,
408 1231 528 1306 mutari
559 1231 687 1329 potest.

163 1340 317 1433 Corpora
342 1331 437 1408 firma
455 1389 465 1423 ,
482 1361 555 1432 quae
579 1329 696 1406 fluidis
718 1329 875 1430 immergi
899 1329 973 1430 pos·

115 1433 220 1524 sunt,
244 1437 299 1509 vel
328 1435 400 1508 sunt
424 1433 571 1530 ejusdem
599 1459 677 1510 curn
704 1431 815 1506 fluido
842 1431 973 1532 specifi-

114 1561 160 1610 εκ
182 1535 397 1634 gravitatis,
427 1536 483 1606 vel
512 1533 649 1630 majoris
673 1587 683 1622 ,
710 1534 764 1606 vel
794 1531 974 1610 minoris·

119 1637 206 1714 Trin
235 1638 302 1708 hate
329 1631 464 1709 suntad
487 1658 630 1709 examen
662 1635 878 1709 revocanda.

152 1839 183 1910 Ι.
208 1837 259 1910 De
286 1836 410 1910 Susidis
424 1835 572 1934 specifice
589 1838 797 1936 gravioribus
816 1836 962 1926 fluido,

394 1943 446 2010 cni
477 1941 731 2038 immerguntur.

169 2134 320 2212 Solidum
345 2134 457 2212 fluido
480 2137 630 2237 specifice
649 2138 787 2240 gravius
806 2140 846 2212 ad
866 2165 982 2237 quam·

1 2255 7 2338 ¹,
120 2263 267 2336 cumque
293 2237 509 2313 altitudinem
549 2239 660 2315 slnido
692 2239 890 2314 immersum
922 2244 980 2315 de·

117 2338 229 2412 orsum
258 2339 418 2434 pellitur,
445 2340 611 2440 pressione
636 2367 707 2437 quat
736 2345 826 2415 valet
852 2344 982 2440 pondus

1 2498 5 2528 ,
118 2441 310 2529 columnae,
338 2439 433 2514 saetae
457 2469 475 2513 e
501 2469 639 2542 corpore
668 2442 763 2540 ipso,
790 2443 825 2516 &
848 2439 980 2516 exsiui·

115 2539 163 2614 do
189 2537 522 2640 superincumbente.
553 2542 863 2617 Ponduscolumnat
892 2540 982 2616 simi·

1 2693 4 2738 3
116 2642 192 2732 lis,
229 2639 283 2716 sed
310 2667 380 2740 quae
408 2667 478 2724 tota
513 2647 641 2718 conslat
679 2669 724 2717 eu
754 2643 900 2742 fluido,
932 2645 981 2717 est

2 2800 6 2844 ι
117 2743 204 2830 vis,
229 2769 295 2838 qua
320 2769 440 2842 corpus
468 2744 593 2822 sursum
623 2743 819 2844 premitur.
858 2747 979 2840 Quum

2 2912 5 2931 ,
118 2866 201 2941 ergo
233 2841 376 2919 solidum
412 2873 556 2942 ponatur
592 2839 700 2922 fluitlo
731 2844 884 2942 specifice
912 2847 985 2942 gta‘·

2 3013 6 3030 ,
121 2943 221 3029 vius,
247 2943 299 3014 vis
324 2945 450 3041 pellens
477 2946 630 3020 deorsum
659 2944 769 3039 major
795 2947 840 3018 esi
864 2945 983 3040 vipel·

4 3117 6 3132 ,
124 3043 217 3114 lente
240 3039 385 3116 sursum.
413 3049 550 3144 Corpus
574 3071 653 3143 ergo
676 3042 871 3117 descendit.
895 3041 987 3113 Soli·

4 3201 5 3212 ,
123 3139 206 3214 dum
238 3167 318 3212 uero
356 3137 510 3232 specifice
547 3143 653 3214 levius
691 3139 912 3228 immersum,
947 3140 987 3214 ad

4 3317 6 3332 ,
124 3237 314 3336 supremam
351 3237 449 3311 sluidi
483 3236 686 3334 superficiem
722 3240 895 3313 ascendere
934 3240 1028 3320 des.

124 3343 204 3418 bet.
232 3335 381 3414 Solidum
421 3365 510 3436 aque
537 3363 639 3439 grave
675 3343 714 3412 ad
741 3363 989 3440 quamcumque

126 3437 405 3530 altitudinemin
432 3439 543 3534 fluido
566 3437 755 3540 suspensum
783 3465 940 3620 mgpgpi.t
