<?xml version="1.0" encoding="UTF-8"?>
<!DOCTYPE html PUBLIC "-//W3C//DTD XHTML 1.0 Transitional//EN"
    "http://www.w3.org/TR/xhtml1/DTD/xhtml1-transitional.dtd">
<html xmlns="http://www.w3.org/1999/xhtml" xml:lang="en" lang="en">
 <head>
  <title>
</title>
<meta http-equiv="Content-Type" content="text/html;charset=utf-8" />
  <meta name='ocr-system' content='tesseract 3.04.00' />
  <meta name='ocr-capabilities' content='ocr_page ocr_carea ocr_par ocr_line ocrx_word'/>
</head>
<body>
  <div class='ocr_page' id='page_1' title='image "./naturalisphilos00cologoog_0071.png"; bbox 0 0 2884 5138; ppageno 0'>
   <div class='ocr_carea' id='block_1_1' title="bbox 103 275 1093 1084">
    <p class='ocr_par' dir='ltr' id='par_1_1' title="bbox 103 275 1093 1084">
     <span class='ocr_line' id='line_1_1' title="bbox 231 275 934 378; baseline 0.004 -22"><span class='ocrx_word' id='word_1_1' title='bbox 231 277 442 356; x_wconf 70' lang='lat' dir='ltr'>Patricia</span> <span class='ocrx_word' id='word_1_2' title='bbox 470 275 839 356; x_wconf 62' lang='lat' dir='ltr'>aaurtcuaaart</span> <span class='ocrx_word' id='word_1_3' title='bbox 891 305 934 378; x_wconf 78' lang='lat'>5¹</span> 
     </span>
     <span class='ocr_line' id='line_1_2' title="bbox 117 377 988 484; baseline 0.002 -25"><span class='ocrx_word' id='word_1_4' title='bbox 117 380 262 470; x_wconf 75' lang='lat' dir='ltr'>‚Mundi</span> <span class='ocrx_word' id='word_1_5' title='bbox 288 379 493 472; x_wconf 85' lang='lat' dir='ltr'>Syllemate.</span> <span class='ocrx_word' id='word_1_6' title='bbox 523 377 537 474; x_wconf 87' lang='lat'><em>)</em></span> <span class='ocrx_word' id='word_1_7' title='bbox 565 377 662 469; x_wconf 84' lang='lat' dir='ltr'>Filo,</span> <span class='ocrx_word' id='word_1_8' title='bbox 688 405 819 482; x_wconf 79' lang='lat' dir='ltr'>inquit,</span> <span class='ocrx_word' id='word_1_9' title='bbox 856 406 988 484; x_wconf 86' lang='lat' dir='ltr'>rnqurre</span> 
     </span>
     <span class='ocr_line' id='line_1_3' title="bbox 131 463 1093 584; baseline 0 -27"><span class='ocrx_word' id='word_1_10' title='bbox 131 481 255 571; x_wconf 86' lang='lat' dir='ltr'>ficum,</span> <span class='ocrx_word' id='word_1_11' title='bbox 293 479 327 554; x_wconf 93' lang='lat' dir='ltr'>in</span> <span class='ocrx_word' id='word_1_12' title='bbox 351 475 432 576; x_wconf 75' lang='lat' dir='ltr'>&#39;quo</span> <span class='ocrx_word' id='word_1_13' title='bbox 468 463 519 552; x_wconf 85' lang='lat' dir='ltr'>fili</span> <span class='ocrx_word' id='word_1_14' title='bbox 552 475 711 553; x_wconf 84' lang='lat' dir='ltr'>craffiries</span> <span class='ocrx_word' id='word_1_15' title='bbox 747 479 852 554; x_wconf 86' lang='lat' dir='ltr'>stellas</span> <span class='ocrx_word' id='word_1_16' title='bbox 898 507 988 584; x_wconf 80' lang='lat' dir='ltr'>tegat</span> <span class='ocrx_word' id='word_1_17' title='bbox 1085 565 1093 584; x_wconf 88' lang='lat'><strong>.</strong></span> 
     </span>
     <span class='ocr_line' id='line_1_4' title="bbox 133 577 991 678; baseline 0 -24"><span class='ocrx_word' id='word_1_18' title='bbox 133 581 277 669; x_wconf 73' lang='lat' dir='ltr'>exacte,</span> <span class='ocrx_word' id='word_1_19' title='bbox 312 577 560 678; x_wconf 87' lang='lat' dir='ltr'>cralsrriemque</span> <span class='ocrx_word' id='word_1_20' title='bbox 580 580 719 655; x_wconf 79' lang='lat' dir='ltr'>deinde</span> <span class='ocrx_word' id='word_1_21' title='bbox 752 579 801 656; x_wconf 88' lang='lat' dir='ltr'>fili</span> <span class='ocrx_word' id='word_1_22' title='bbox 834 581 991 672; x_wconf 86' lang='lat' dir='ltr'>metire,</span> 
     </span>
     <span class='ocr_line' id='line_1_5' title="bbox 132 679 991 780; baseline 0 -24"><span class='ocrx_word' id='word_1_23' title='bbox 132 681 239 756; x_wconf 73' lang='lat' dir='ltr'>illud,</span> <span class='ocrx_word' id='word_1_24' title='bbox 262 679 431 780; x_wconf 77' lang='lat' dir='ltr'>applicans</span> <span class='ocrx_word' id='word_1_25' title='bbox 469 681 612 754; x_wconf 79' lang='lat' dir='ltr'>lamella</span> <span class='ocrx_word' id='word_1_26' title='bbox 650 679 772 764; x_wconf 81' lang='lat' dir='ltr'>unciali</span> <span class='ocrx_word' id='word_1_27' title='bbox 803 736 814 772; x_wconf 85' lang='lat'>,</span> <span class='ocrx_word' id='word_1_28' title='bbox 856 681 991 757; x_wconf 84' lang='lat' dir='ltr'>habebis</span> 
     </span>
     <span class='ocr_line' id='line_1_6' title="bbox 103 777 992 881; baseline 0.002 -25"><span class='ocrx_word' id='word_1_29' title='bbox 103 837 104 840; x_wconf 63' lang='lat'>,</span> <span class='ocrx_word' id='word_1_30' title='bbox 131 808 215 857; x_wconf 91' lang='lat' dir='ltr'>tunc</span> <span class='ocrx_word' id='word_1_31' title='bbox 241 777 528 856; x_wconf 88' lang='lat' dir='ltr'>semidiametrum</span> <span class='ocrx_word' id='word_1_32' title='bbox 555 779 630 872; x_wconf 85' lang='lat' dir='ltr'>lili,</span> <span class='ocrx_word' id='word_1_33' title='bbox 654 809 717 881; x_wconf 90' lang='lat' dir='ltr'>ope</span> <span class='ocrx_word' id='word_1_34' title='bbox 742 783 856 881; x_wconf 87' lang='lat' dir='ltr'>cujus,</span> <span class='ocrx_word' id='word_1_35' title='bbox 884 787 927 867; x_wconf 67' lang='grc' dir='ltr'>δε,</span> <span class='ocrx_word' id='word_1_36' title='bbox 943 783 992 858; x_wconf 90' lang='lat' dir='ltr'>di·</span> 
     </span>
     <span class='ocr_line' id='line_1_7' title="bbox 122 876 994 994; baseline 0 -36"><span class='ocrx_word' id='word_1_37' title='bbox 122 881 261 982; x_wconf 73' lang='lat' dir='ltr'>¹slantiaa</span> <span class='ocrx_word' id='word_1_38' title='bbox 288 876 338 956; x_wconf 86' lang='lat' dir='ltr'>fili</span> <span class='ocrx_word' id='word_1_39' title='bbox 367 881 408 952; x_wconf 92' lang='lat' dir='ltr'>ab</span> <span class='ocrx_word' id='word_1_40' title='bbox 434 881 536 957; x_wconf 90' lang='lat' dir='ltr'>oculo</span> <span class='ocrx_word' id='word_1_41' title='bbox 563 882 726 994; x_wconf 75' lang='lat' dir='ltr'>&#39;angulum</span> <span class='ocrx_word' id='word_1_42' title='bbox 753 881 903 958; x_wconf 87' lang='lat' dir='ltr'>invenies</span> <span class='ocrx_word' id='word_1_43' title='bbox 924 883 994 958; x_wconf 85' lang='lat' dir='ltr'>sub·</span> 
     </span>
     <span class='ocr_line' id='line_1_8' title="bbox 132 977 995 1084; baseline 0.002 -26"><span class='ocrx_word' id='word_1_44' title='bbox 132 981 325 1058; x_wconf 80' lang='lat' dir='ltr'>tendentem</span> <span class='ocrx_word' id='word_1_45' title='bbox 356 978 469 1056; x_wconf 74' lang='lat' dir='ltr'>&#39;stella</span> <span class='ocrx_word' id='word_1_46' title='bbox 507 977 795 1058; x_wconf 79' lang='lat' dir='ltr'>semidiamerrum</span> <span class='ocrx_word' id='word_1_47' title='bbox 838 1009 995 1084; x_wconf 88' lang='lat' dir='ltr'>apparen-</span> 
     </span>
    </p>
   </div>
   <div class='ocr_carea' id='block_1_2' title="bbox 31 1079 993 1160">
    <p class='ocr_par' dir='ltr' id='par_1_2' title="bbox 31 1079 993 1160">
     <span class='ocr_line' id='line_1_9' title="bbox 31 1079 993 1160; baseline 0.004 -4"><span class='ocrx_word' id='word_1_48' title='bbox 31 1135 32 1140; x_wconf 51' lang='lat'><em>=</em></span> <span class='ocrx_word' id='word_1_49' title='bbox 133 1107 228 1156; x_wconf 90' lang='lat' dir='ltr'>tem.</span> <span class='ocrx_word' id='word_1_50' title='bbox 253 1080 455 1158; x_wconf 81' lang='lat' dir='ltr'>Distantian&#39;t</span> <span class='ocrx_word' id='word_1_51' title='bbox 483 1107 596 1157; x_wconf 88' lang='lat' dir='ltr'>tamen</span> <span class='ocrx_word' id='word_1_52' title='bbox 621 1079 672 1160; x_wconf 89' lang='lat' dir='ltr'>fili</span> <span class='ocrx_word' id='word_1_53' title='bbox 712 1085 755 1158; x_wconf 91' lang='lat' dir='ltr'>ab</span> <span class='ocrx_word' id='word_1_54' title='bbox 780 1085 883 1158; x_wconf 91' lang='lat' dir='ltr'>oculo</span> <span class='ocrx_word' id='word_1_55' title='bbox 909 1112 993 1160; x_wconf 89' lang='lat' dir='ltr'>non·</span> 
     </span>
    </p>
   </div>
   <div class='ocr_carea' id='block_1_3' title="bbox 89 1179 997 1872">
    <p class='ocr_par' dir='ltr' id='par_1_3' title="bbox 89 1179 997 1872">
     <span class='ocr_line' id='line_1_10' title="bbox 130 1179 993 1287; baseline -0.006 -29"><span class='ocrx_word' id='word_1_56' title='bbox 130 1181 218 1258; x_wconf 92' lang='lat' dir='ltr'>nihil</span> <span class='ocrx_word' id='word_1_57' title='bbox 246 1184 431 1287; x_wconf 82' lang='lat' dir='ltr'>augendam</span> <span class='ocrx_word' id='word_1_58' title='bbox 457 1208 574 1257; x_wconf 85' lang='lat' dir='ltr'>monet</span> <span class='ocrx_word' id='word_1_59' title='bbox 585 1216 605 1280; x_wconf 75' lang='lat'>,·</span> <span class='ocrx_word' id='word_1_60' title='bbox 630 1179 806 1267; x_wconf 82' lang='lat' dir='ltr'>concursus</span> <span class='ocrx_word' id='word_1_61' title='bbox 828 1184 920 1260; x_wconf 87' lang='lat' dir='ltr'>enirn</span> <span class='ocrx_word' id='word_1_62' title='bbox 942 1214 993 1261; x_wconf 89' lang='lat' dir='ltr'>ra.</span> 
     </span>
     <span class='ocr_line' id='line_1_11' title="bbox 89 1281 995 1380; baseline 0.01 -26"><span class='ocrx_word' id='word_1_63' title='bbox 89 1349 91 1354; x_wconf 89' lang='lat'><em>.</em></span> <span class='ocrx_word' id='word_1_64' title='bbox 130 1285 266 1375; x_wconf 79' lang='lat' dir='ltr'>diorum</span> <span class='ocrx_word' id='word_1_65' title='bbox 295 1281 453 1380; x_wconf 88' lang='lat' dir='ltr'>nonnihil</span> <span class='ocrx_word' id='word_1_66' title='bbox 482 1285 569 1360; x_wconf 87' lang='lat' dir='ltr'>ultra</span> <span class='ocrx_word' id='word_1_67' title='bbox 605 1286 741 1362; x_wconf 85' lang='lat' dir='ltr'>oculum</span> <span class='ocrx_word' id='word_1_68' title='bbox 775 1283 847 1359; x_wconf 85' lang='lat' dir='ltr'>sit.</span> <span class='ocrx_word' id='word_1_69' title='bbox 888 1285 995 1372; x_wconf 82' lang='lat' dir='ltr'>Vides</span> 
     </span>
     <span class='ocr_line' id='line_1_12' title="bbox 132 1383 997 1502; baseline 0.003 -44"><span class='ocrx_word' id='word_1_70' title='bbox 132 1384 187 1459; x_wconf 92' lang='lat' dir='ltr'>hic</span> <span class='ocrx_word' id='word_1_71' title='bbox 212 1411 373 1484; x_wconf 88' lang='lat' dir='ltr'>quoque,</span> <span class='ocrx_word' id='word_1_72' title='bbox 396 1383 484 1486; x_wconf 87' lang='lat' dir='ltr'>posse</span> <span class='ocrx_word' id='word_1_73' title='bbox 511 1413 544 1461; x_wconf 90' lang='lat' dir='ltr'>te</span> <span class='ocrx_word' id='word_1_74' title='bbox 569 1387 710 1502; x_wconf 84' lang='lat' dir='ltr'>pedibus</span> <span class='ocrx_word' id='word_1_75' title='bbox 737 1384 869 1487; x_wconf 81' lang='lat' dir='ltr'>aliquot</span> <span class='ocrx_word' id='word_1_76' title='bbox 893 1388 932 1460; x_wconf 89' lang='lat' dir='ltr'>ad</span> <span class='ocrx_word' id='word_1_77' title='bbox 957 1384 997 1461; x_wconf 89' lang='lat' dir='ltr'>fi·</span> 
     </span>
     <span class='ocr_line' id='line_1_13' title="bbox 130 1481 996 1588; baseline -0.002 -26"><span class='ocrx_word' id='word_1_78' title='bbox 130 1489 199 1562; x_wconf 88' lang='lat' dir='ltr'>lum</span> <span class='ocrx_word' id='word_1_79' title='bbox 225 1486 415 1578; x_wconf 82' lang='lat' dir='ltr'>accedere,</span> <span class='ocrx_word' id='word_1_80' title='bbox 452 1487 487 1560; x_wconf 88' lang='lat'>&amp;</span> <span class='ocrx_word' id='word_1_81' title='bbox 513 1488 557 1562; x_wconf 74' lang='lat' dir='ltr'>ab&#39;</span> <span class='ocrx_word' id='word_1_82' title='bbox 578 1481 649 1588; x_wconf 78' lang='lat' dir='ltr'>ipso</span> <span class='ocrx_word' id='word_1_83' title='bbox 682 1487 833 1562; x_wconf 83' lang='lat' dir='ltr'>recedere</span> <span class='ocrx_word' id='word_1_84' title='bbox 873 1485 996 1587; x_wconf 85' lang='lat' dir='ltr'>absque</span> 
     </span>
     <span class='ocr_line' id='line_1_14' title="bbox 128 1585 995 1688; baseline 0.001 -27"><span class='ocrx_word' id='word_1_85' title='bbox 128 1588 202 1661; x_wconf 89' lang='lat' dir='ltr'>ulla</span> <span class='ocrx_word' id='word_1_86' title='bbox 228 1585 373 1660; x_wconf 78' lang='lat' dir='ltr'>sensibili</span> <span class='ocrx_word' id='word_1_87' title='bbox 407 1586 627 1677; x_wconf 79' lang='lat' dir='ltr'>differentia,</span> <span class='ocrx_word' id='word_1_88' title='bbox 665 1593 755 1688; x_wconf 88' lang='lat' dir='ltr'>quod</span> <span class='ocrx_word' id='word_1_89' title='bbox 787 1587 914 1662; x_wconf 86' lang='lat' dir='ltr'>attinet</span> <span class='ocrx_word' id='word_1_90' title='bbox 951 1589 995 1662; x_wconf 84' lang='lat' dir='ltr'>ad</span> 
     </span>
     <span class='ocr_line' id='line_1_15' title="bbox 133 1685 995 1784; baseline 0.001 -23"><span class='ocrx_word' id='word_1_91' title='bbox 133 1687 358 1784; x_wconf 82' lang='lat' dir='ltr'>obtegendam</span> <span class='ocrx_word' id='word_1_92' title='bbox 386 1685 514 1780; x_wconf 64' lang='lat' dir='ltr'>praecise</span> <span class='ocrx_word' id='word_1_93' title='bbox 550 1688 709 1759; x_wconf 86' lang='lat' dir='ltr'>stellam.</span> <span class='ocrx_word' id='word_1_94' title='bbox 743 1693 890 1784; x_wconf 85' lang='lat' dir='ltr'>Oportet</span> <span class='ocrx_word' id='word_1_95' title='bbox 915 1713 995 1782; x_wconf 75' lang='lat' dir='ltr'>prae·</span> 
     </span>
     <span class='ocr_line' id='line_1_16' title="bbox 131 1782 996 1872; baseline -0.003 -12"><span class='ocrx_word' id='word_1_96' title='bbox 131 1808 224 1860; x_wconf 86' lang='lat' dir='ltr'>terea</span> <span class='ocrx_word' id='word_1_97' title='bbox 250 1782 349 1855; x_wconf 88' lang='lat' dir='ltr'>filum</span> <span class='ocrx_word' id='word_1_98' title='bbox 377 1808 445 1854; x_wconf 90' lang='lat' dir='ltr'>non</span> <span class='ocrx_word' id='word_1_99' title='bbox 471 1783 537 1857; x_wconf 86' lang='lat' dir='ltr'>elle</span> <span class='ocrx_word' id='word_1_100' title='bbox 557 1783 787 1872; x_wconf 83' lang='lat' dir='ltr'>fibrosum,&amp;</span> <span class='ocrx_word' id='word_1_101' title='bbox 812 1785 906 1858; x_wconf 87' lang='lat' dir='ltr'>uillis</span> <span class='ocrx_word' id='word_1_102' title='bbox 933 1785 996 1857; x_wconf 89' lang='lat' dir='ltr'>cir·</span> 
     </span>
    </p>
   </div>
   <div class='ocr_carea' id='block_1_4' title="bbox 1 1881 1145 2084">
    <p class='ocr_par' dir='ltr' id='par_1_4' title="bbox 1 1881 1145 2084">
     <span class='ocr_line' id='line_1_17' title="bbox 132 1881 1145 1983; baseline 0.001 -23"><span class='ocrx_word' id='word_1_103' title='bbox 132 1884 363 1964; x_wconf 87' lang='lat' dir='ltr'>cumdatum.-</span> <span class='ocrx_word' id='word_1_104' title='bbox 379 1886 476 1981; x_wconf 87' lang='lat' dir='ltr'>Opus</span> <span class='ocrx_word' id='word_1_105' title='bbox 488 1907 624 1983; x_wconf 88' lang='lat' dir='ltr'>quoque</span> <span class='ocrx_word' id='word_1_106' title='bbox 647 1881 693 1956; x_wconf 88' lang='lat' dir='ltr'>est</span> <span class='ocrx_word' id='word_1_107' title='bbox 720 1909 755 1956; x_wconf 92' lang='lat' dir='ltr'>ut</span> <span class='ocrx_word' id='word_1_108' title='bbox 775 1881 996 1980; x_wconf 84' lang='lat' dir='ltr'>filumipsum</span> <span class='ocrx_word' id='word_1_109' title='bbox 1144 1967 1145 1972; x_wconf 45' lang='lat'>,</span> 
     </span>
     <span class='ocr_line' id='line_1_18' title="bbox 1 1983 997 2084; baseline 0 -26"><span class='ocrx_word' id='word_1_110' title='bbox 1 2019 3 2038; x_wconf 87' lang='lat'><em>·</em></span> <span class='ocrx_word' id='word_1_111' title='bbox 129 2011 152 2058; x_wconf 88' lang='lat' dir='ltr'>a</span> <span class='ocrx_word' id='word_1_112' title='bbox 176 1986 334 2084; x_wconf 88' lang='lat' dir='ltr'>propiore</span> <span class='ocrx_word' id='word_1_113' title='bbox 372 1983 504 2056; x_wconf 86' lang='lat' dir='ltr'>lucerna</span> <span class='ocrx_word' id='word_1_114' title='bbox 544 1983 791 2073; x_wconf 85' lang='lat' dir='ltr'>illuminetur,</span> <span class='ocrx_word' id='word_1_115' title='bbox 828 1985 924 2084; x_wconf 73' lang='lat' dir='ltr'>cuius</span> <span class='ocrx_word' id='word_1_116' title='bbox 950 2011 997 2058; x_wconf 89' lang='lat' dir='ltr'>ta·</span> 
     </span>
    </p>
   </div>
   <div class='ocr_carea' id='block_1_5' title="bbox 86 2080 998 3570">
    <p class='ocr_par' dir='ltr' id='par_1_5' title="bbox 86 2080 998 3570">
     <span class='ocr_line' id='line_1_19' title="bbox 108 2080 994 2184; baseline -0.002 -22"><span class='ocrx_word' id='word_1_117' title='bbox 108 2111 211 2162; x_wconf 76' lang='lat' dir='ltr'>auen</span> <span class='ocrx_word' id='word_1_118' title='bbox 238 2080 352 2184; x_wconf 80' lang='lat' dir='ltr'>sulgon</span> <span class='ocrx_word' id='word_1_119' title='bbox 379 2107 448 2158; x_wconf 88' lang='lat' dir='ltr'>non</span> <span class='ocrx_word' id='word_1_120' title='bbox 478 2081 696 2158; x_wconf 80' lang='lat' dir='ltr'>incurrat&#39;in</span> <span class='ocrx_word' id='word_1_121' title='bbox 734 2087 884 2161; x_wconf 86' lang='lat' dir='ltr'>oeulos.</span> <span class='ocrx_word' id='word_1_122' title='bbox 917 2090 994 2160; x_wconf 88' lang='lat' dir='ltr'>Hac</span> 
     </span>
     <span class='ocr_line' id='line_1_20' title="bbox 126 2183 998 2282; baseline -0.002 -19"><span class='ocrx_word' id='word_1_123' title='bbox 126 2183 292 2264; x_wconf 86' lang='lat' dir='ltr'>methodo</span> <span class='ocrx_word' id='word_1_124' title='bbox 310 2187 420 2282; x_wconf 79' lang='lat' dir='ltr'>Lyra</span> <span class='ocrx_word' id='word_1_125' title='bbox 444 2184 591 2259; x_wconf 84' lang='lat' dir='ltr'>lucidant</span> <span class='ocrx_word' id='word_1_126' title='bbox 619 2183 747 2260; x_wconf 86' lang='lat' dir='ltr'>stellam</span> <span class='ocrx_word' id='word_1_127' title='bbox 775 2184 908 2259; x_wconf 89' lang='lat' dir='ltr'>invenit</span> <span class='ocrx_word' id='word_1_128' title='bbox 942 2187 998 2261; x_wconf 77' lang='lat' dir='ltr'>ha&#39;-</span> 
     </span>
     <span class='ocr_line' id='line_1_21' title="bbox 135 2285 994 2386; baseline -0.002 -23"><span class='ocrx_word' id='word_1_129' title='bbox 135 2291 213 2363; x_wconf 88' lang='lat' dir='ltr'>bere</span> <span class='ocrx_word' id='word_1_130' title='bbox 238 2285 442 2360; x_wconf 85' lang='lat' dir='ltr'>diametrum</span> <span class='ocrx_word' id='word_1_131' title='bbox 470 2309 684 2386; x_wconf 88' lang='lat' dir='ltr'>apparentem</span> <span class='ocrx_word' id='word_1_132' title='bbox 722 2311 791 2362; x_wconf 90' lang='lat' dir='ltr'>non</span> <span class='ocrx_word' id='word_1_133' title='bbox 829 2287 994 2384; x_wconf 86' lang='lat' dir='ltr'>majorem</span> 
     </span>
     <span class='ocr_line' id='line_1_22' title="bbox 127 2387 996 2588; baseline 0.002 -26"><span class='ocrx_word' id='word_1_134' title='bbox 127 2413 155 2526; x_wconf 58' lang='grc' dir='ltr'>’ς</span> <span class='ocrx_word' id='word_1_135' title='bbox 184 2387 531 2564; x_wconf 55' lang='lat' dir='ltr'>lviulsetsodiioes</span> <span class='ocrx_word' id='word_1_136' title='bbox 554 2388 911 2565; x_wconf 56' lang='lat' dir='ltr'>:stiiiiiiciradcularis</span> <span class='ocrx_word' id='word_1_137' title='bbox 937 2513 996 2588; x_wconf 88' lang='lat' dir='ltr'>pec</span> 
     </span>
     <span class='ocr_line' id='line_1_23' title="bbox 131 2587 996 2691; baseline -0.006 -25"><span class='ocrx_word' id='word_1_138' title='bbox 131 2589 393 2691; x_wconf 88' lang='lat' dir='ltr'>Teleseopium,</span> <span class='ocrx_word' id='word_1_139' title='bbox 419 2615 481 2688; x_wconf 90' lang='lat' dir='ltr'>per</span> <span class='ocrx_word' id='word_1_140' title='bbox 505 2590 595 2686; x_wconf 87' lang='lat' dir='ltr'>quod</span> <span class='ocrx_word' id='word_1_141' title='bbox 616 2587 716 2666; x_wconf 78' lang='lat' dir='ltr'>stella</span> <span class='ocrx_word' id='word_1_142' title='bbox 739 2588 904 2690; x_wconf 89' lang='lat' dir='ltr'>capillitio</span> <span class='ocrx_word' id='word_1_143' title='bbox 921 2589 996 2688; x_wconf 85' lang='lat' dir='ltr'>spo·</span> 
     </span>
     <span class='ocr_line' id='line_1_24' title="bbox 127 2689 993 2792; baseline -0.003 -23"><span class='ocrx_word' id='word_1_144' title='bbox 127 2691 259 2769; x_wconf 82' lang='lat' dir='ltr'>llantur</span> <span class='ocrx_word' id='word_1_145' title='bbox 285 2745 296 2782; x_wconf 86' lang='lat'><strong>,</strong></span> <span class='ocrx_word' id='word_1_146' title='bbox 322 2693 357 2765; x_wconf 75' lang='grc' dir='ltr'>δε</span> <span class='ocrx_word' id='word_1_147' title='bbox 383 2694 530 2767; x_wconf 87' lang='lat' dir='ltr'>Planetae</span> <span class='ocrx_word' id='word_1_148' title='bbox 564 2714 726 2792; x_wconf 86' lang='lat' dir='ltr'>apparent</span> <span class='ocrx_word' id='word_1_149' title='bbox 763 2689 908 2766; x_wconf 91' lang='lat' dir='ltr'>omnino</span> <span class='ocrx_word' id='word_1_150' title='bbox 941 2717 993 2767; x_wconf 86' lang='lat' dir='ltr'>ro·</span> 
     </span>
     <span class='ocr_line' id='line_1_25' title="bbox 86 2790 994 2893; baseline -0.004 -23"><span class='ocrx_word' id='word_1_151' title='bbox 86 2795 109 2818; x_wconf 74' lang='lat'>&#39;⁴</span> <span class='ocrx_word' id='word_1_152' title='bbox 129 2791 250 2870; x_wconf 89' lang='lat' dir='ltr'>tundi.</span> <span class='ocrx_word' id='word_1_153' title='bbox 288 2793 428 2868; x_wconf 74' lang='lat' dir='ltr'>Bradlea</span> <span class='ocrx_word' id='word_1_154' title='bbox 466 2815 546 2867; x_wconf 88' lang='lat' dir='ltr'>tunc</span> <span class='ocrx_word' id='word_1_155' title='bbox 583 2792 777 2893; x_wconf 81' lang='lat' dir='ltr'>apponenda</span> <span class='ocrx_word' id='word_1_156' title='bbox 814 2794 861 2868; x_wconf 89' lang='lat' dir='ltr'>est</span> <span class='ocrx_word' id='word_1_157' title='bbox 899 2790 994 2866; x_wconf 88' lang='lat' dir='ltr'>vitro</span> 
     </span>
     <span class='ocr_line' id='line_1_26' title="bbox 131 2890 993 2995; baseline -0.006 -27"><span class='ocrx_word' id='word_1_158' title='bbox 131 2890 327 2993; x_wconf 69' lang='lat' dir='ltr'>objedlivo,</span> <span class='ocrx_word' id='word_1_159' title='bbox 354 2894 517 2994; x_wconf 86' lang='lat' dir='ltr'>perforata</span> <span class='ocrx_word' id='word_1_160' title='bbox 546 2891 614 2993; x_wconf 91' lang='lat' dir='ltr'>ipsa</span> <span class='ocrx_word' id='word_1_161' title='bbox 649 2895 788 2995; x_wconf 86' lang='lat' dir='ltr'>quidem</span> <span class='ocrx_word' id='word_1_162' title='bbox 825 2892 993 2969; x_wconf 87' lang='lat' dir='ltr'>foramine</span> 
     </span>
     <span class='ocr_line' id='line_1_27' title="bbox 120 2990 994 3096; baseline -0.003 -29"><span class='ocrx_word' id='word_1_163' title='bbox 120 2995 262 3092; x_wconf 65' lang='lat' dir='ltr'>‘parvm</span> <span class='ocrx_word' id='word_1_164' title='bbox 288 2999 380 3070; x_wconf 88' lang='lat' dir='ltr'>Cum</span> <span class='ocrx_word' id='word_1_165' title='bbox 405 2990 602 3095; x_wconf 86' lang='lat' dir='ltr'>Teleseopii</span> <span class='ocrx_word' id='word_1_166' title='bbox 629 3003 786 3096; x_wconf 80' lang='lat' dir='ltr'>praterea</span> <span class='ocrx_word' id='word_1_167' title='bbox 824 2991 994 3091; x_wconf 85' lang='lat' dir='ltr'>capacita-</span> 
     </span>
     <span class='ocr_line' id='line_1_28' title="bbox 137 3091 970 3196; baseline 0.004 -30"><span class='ocrx_word' id='word_1_168' title='bbox 137 3116 174 3166; x_wconf 86' lang='lat' dir='ltr'>te</span> <span class='ocrx_word' id='word_1_169' title='bbox 197 3095 398 3171; x_wconf 85' lang='lat' dir='ltr'>conserenda</span> <span class='ocrx_word' id='word_1_170' title='bbox 424 3097 471 3171; x_wconf 88' lang='lat' dir='ltr'>est</span> <span class='ocrx_word' id='word_1_171' title='bbox 496 3095 661 3172; x_wconf 85' lang='lat' dir='ltr'>diameter</span> <span class='ocrx_word' id='word_1_172' title='bbox 686 3123 846 3196; x_wconf 89' lang='lat' dir='ltr'>apparens</span> <span class='ocrx_word' id='word_1_173' title='bbox 872 3091 970 3169; x_wconf 75' lang='lat' dir='ltr'>fixa.</span> 
     </span>
     <span class='ocr_line' id='line_1_29' title="bbox 137 3187 994 3288; baseline -0.009 -19"><span class='ocrx_word' id='word_1_174' title='bbox 137 3239 142 3250; x_wconf 94' lang='lat'>·</span> <span class='ocrx_word' id='word_1_175' title='bbox 186 3195 232 3268; x_wconf 86' lang='lat' dir='ltr'>V.</span> <span class='ocrx_word' id='word_1_176' title='bbox 272 3197 458 3272; x_wconf 85' lang='lat' dir='ltr'>Methodus</span> <span class='ocrx_word' id='word_1_177' title='bbox 483 3197 529 3271; x_wconf 91' lang='lat' dir='ltr'>est</span> <span class='ocrx_word' id='word_1_178' title='bbox 556 3198 685 3272; x_wconf 80' lang='lat' dir='ltr'>Callani</span> <span class='ocrx_word' id='word_1_179' title='bbox 707 3193 854 3288; x_wconf 85' lang='lat' dir='ltr'>Junioris</span> <span class='ocrx_word' id='word_1_180' title='bbox 878 3187 994 3262; x_wconf 85' lang='lat' dir='ltr'>confe-</span> 
     </span>
     <span class='ocr_line' id='line_1_30' title="bbox 137 3289 996 3382; baseline -0.009 -12"><span class='ocrx_word' id='word_1_181' title='bbox 137 3293 245 3370; x_wconf 84' lang='lat' dir='ltr'>rentis</span> <span class='ocrx_word' id='word_1_182' title='bbox 269 3294 476 3372; x_wconf 88' lang='lat' dir='ltr'>diametrum</span> <span class='ocrx_word' id='word_1_183' title='bbox 506 3297 581 3372; x_wconf 84' lang='lat' dir='ltr'>fixae</span> <span class='ocrx_word' id='word_1_184' title='bbox 604 3325 683 3372; x_wconf 90' lang='lat' dir='ltr'>cum</span> <span class='ocrx_word' id='word_1_185' title='bbox 711 3297 876 3370; x_wconf 87' lang='lat' dir='ltr'>diametro</span> <span class='ocrx_word' id='word_1_186' title='bbox 901 3289 996 3382; x_wconf 87' lang='lat' dir='ltr'>Jovia</span> 
     </span>
     <span class='ocr_line' id='line_1_31' title="bbox 136 3391 997 3503; baseline -0.013 -29"><span class='ocrx_word' id='word_1_187' title='bbox 136 3393 333 3496; x_wconf 78' lang='lat' dir='ltr'>Teleseopii</span> <span class='ocrx_word' id='word_1_188' title='bbox 368 3419 451 3496; x_wconf 86' lang='lat' dir='ltr'>ope.</span> <span class='ocrx_word' id='word_1_189' title='bbox 484 3399 573 3490; x_wconf 80' lang='lat' dir='ltr'>syrii</span> <span class='ocrx_word' id='word_1_190' title='bbox 609 3399 772 3472; x_wconf 81' lang='lat' dir='ltr'>diameter</span> <span class='ocrx_word' id='word_1_191' title='bbox 806 3391 870 3470; x_wconf 83' lang='lat' dir='ltr'>lroc</span> <span class='ocrx_word' id='word_1_192' title='bbox 898 3391 997 3503; x_wconf 69' lang='lat' dir='ltr'>patin</span> 
     </span>
     <span class='ocr_line' id='line_1_32' title="bbox 573 3501 949 3570; baseline -0.011 0"><span class='ocrx_word' id='word_1_193' title='bbox 573 3501 605 3570; x_wconf 91' lang='lat' dir='ltr'>D</span> <span class='ocrx_word' id='word_1_194' title='bbox 657 3519 678 3568; x_wconf 85' lang='lat'><em>2</em></span> <span class='ocrx_word' id='word_1_195' title='bbox 900 3515 949 3566; x_wconf 88' lang='lat' dir='ltr'>tn·</span> 
     </span>
    </p>
   </div>
   <div class='ocr_carea' id='block_1_6' title="bbox 0 0 1446 5138">
    <p class='ocr_par' dir='ltr' id='par_1_6' title="bbox 0 0 1446 5138">
     <span class='ocr_line' id='line_1_33' title="bbox 0 0 1446 5138; baseline 0 0"><span class='ocrx_word' id='word_1_196' title='bbox 0 0 1446 5138; x_wconf 95' lang='lat' dir='ltr'> </span> 
     </span>
    </p>
   </div>
  </div>
 </body>
</html>
