2884 5138
341 317 395 370 au
440 397 532 490 sein
550 415 700 494 perpetuo
724 415 811 472 motu
949 397 951 404 ’
1217 418 1306 512 489'

395 499 527 570 XLIV.
571 497 764 594 Superficies
800 495 927 591 fluidi,
961 503 999 574 ob
1046 505 1143 594 isius
1175 521 1295 612 gravi·

445 619 541 670 tatem
584 599 634 691 fit
678 600 822 694 plana,
860 599 904 670 (θ’
939 601 1100 698 horizonti
1148 621 1294 720 Purattu.
1427 627 1437 658 ‘⁴

390 702 505 873 xliv.
543 797 670 869 Fluida
692 799 869 894 gravitant
888 801 924 874 in
945 825 1057 900 partes
1083 835 1188 883 omnes
1212 741 1296 912 igi)

391 901 529 972 XLVI.
564 900 724 972 Fluidnm
762 904 955 1000 componitur
989 909 1036 978 ad
1068 909 1213 984 libellam
1260 919 1295 989 in

442 1001 772 1116 communicantibus,
809 1023 881 1074 utur
934 1006 1143 1106 inequalibns
1177 1065 1189 1102 ,
1242 1037 1294 1131 tn·

393 1103 552 1274 xiim.
581 1203 706 1276 Flnida
725 1205 844 1296 fundos
866 1227 1015 1305 premunt
1029 1232 1087 1310 pro
1112 1119 1296 1289 rationaii:

332 1325 333 1328 ¹
443 1300 615 1391 titudinis,
642 1304 685 1373 (9¹
710 1309 816 1402 baseos
949 1365 951 1372 ·
1001 1344 1004 1350 ·
1215 1343 1289 1417 493

398 1401 576 1475 XLVIII.
604 1406 760 1482 Velocitas
788 1409 896 1504 fluidi
921 1441 937 1483 e
962 1415 1053 1502 nafis
1070 1417 1288 1507 foraminibus

443 1500 605 1592 effluentis
615 1533 653 1577 ea
683 1507 726 1594 ell
751 1537 845 1607 quam
867 1541 974 1612 grave
983 1519 1157 1614 acquireret
1178 1522 1292 1595 caden-

439 1603 479 1672 do
501 1605 544 1675 ab
565 1606 739 1681 altitudine
756 1612 864 1704 fluidi
1213 1643 1285 1719 495

396 1703 529 1776 XLIX.
553 1713 709 1804 Tempora
741 1713 858 1809 quibus
894 1737 1021 1792 tantum
1051 1721 1158 1816 fluidi
1175 1753 1210 1795 *e
1232 1722 1284 1812 lo·

439 1806 618 1880 raminibus
638 1814 805 1906 vastorum,
832 1842 898 1914 qna
926 1823 1051 1919 semper
1084 1827 1184 1922 plena
1219 1852 1289 1899 con·

431 1906 663 1998 servarentur,
684 1915 782 1988 enitet
815 1940 971 2016 quantum
1000 1925 1162 2022 sufficeret
1200 1929 1292 2016 vafis

436 2009 451 2075 i
465 2006 513 2092 fis
544 2011 743 2104 implendis,
773 2019 851 2110 sunt
878 2023 917 2090 in
950 2028 1073 2094 ratione
1123 2032 1290 2122 composita

436 2109 616 2181 cordinello
644 2113 797 2197 bustum,
831 2140 869 2184 ex
903 2117 1031 2209 inversa
1061 2122 1291 2210 foraminum,

285 2256 289 2264 .
361 2231 363 2238 ·
435 2209 478 2276 (9·
505 2237 543 2278 eu
562 2207 793 2298 subduplicata
820 2211 1032 2287 altitudinum
1215 2230 1291 2323 498

387 2309 432 2382 L.
489 2305 614 2374 Fluiclo
651 2307 805 2378 verticuli
844 2310 1013 2387 direllione
1052 2322 1178 2420 sursum
1217 2349 1293 2423 pto·
1405 2401 1406 2406 ,

429 2400 519 2501 jella
557 2458 567 2491 ,
621 2407 747 2478 remotis
801 2408 1035 2507 impedimentis
1093 2426 1140 2496 ad
1199 2455 1282 2500 eam·

434 2507 506 2574 dem
540 2503 747 2577 altitudinem
780 2515 1035 2612 attollerentur,
1071 2551 1093 2594 a
1128 2553 1195 2624 qua
1231 2531 1286 2601 de·

430 2607 621 2699 scenderant
1210 2654 1284 2728 499

387 2706 452 2777 LI.
497 2708 655 2780 fluidum
708 2713 831 2811 oblique
870 2721 1047 2819 projellnm
1093 2732 1283 2824 parabolam

438 2807 585 2902 describit
1213 2853 1287 2930 504

387 2907 472 2980 LII.
507 2909 657 2980 solidum
688 2915 799 3008 fluido
829 2921 976 3020 specifice
1005 2930 1144 3026 gravius
1179 2934 1288 3028 fluido

386 3062 389 3070 .
437 3007 514 3082 buic
540 3011 717 3105 immersum
743 3038 868 3104 tautum
893 3027 933 3095 de
944 3030 1004 3122 suo
1026 3035 1163 3126 pondere
1188 3037 1286 3106 amir·

435 3111 503 3224 tit,
529 3133 684 3210 quantum
710 3118 754 3206 ιβ
783 3125 909 3220 pondus
942 3133 1073 3227 aqualis
1110 3136 1285 3209 voluminis

363 3310 364 3318 ἵ
393 3211 671 3391 Ῑιῧῗῖἠῖᾶηΐϋθκ
696 3346 795 3423 auget
812 3331 939 3431 pondus
954 3241 1286 3436 fluidiqnontumsilge
1429 3267 1437 3292 ¹

318 3464 321 3497 ,
430 3415 489 3509 suo
513 3417 642 3548 amittit
660 3425 800 3522 solidum
1130 3442 1282 3617 LIVibi.
