2910 5404
272 213 475 288 PHYSICAE
498 156 921 292 PARTICULiARsSr.
899 237 968 312 233

171 316 271 392 Polus
299 313 311 406 (
336 311 377 383 ub
402 312 627 408 Huygcniaua
651 338 762 388 tumen
786 315 956 390 diversam
981 317 1019 411 ),

168 418 250 490 tdco
270 432 308 486 ut
322 408 487 486 diameter
506 411 701 512 AEquutorrs
712 415 827 491 Terret
839 443 939 493 axem
962 443 1021 492 ex·

172 563 368 636 cedet—-
314 531 368 606 ¹-

221 639 369 790 immi,
381 719 489 790 Terra
517 710 757 810 (Soletum,
779 719 813 790 &
838 717 1024 812 Plauetae)

174 837 270 890 mutu
295 816 390 892 omni
428 815 517 890 circa
544 813 719 912 proprium
743 842 854 894 trem
877 816 1026 895 omnino

104 943 108 954 ·
173 940 298 992 careret
310 916 477 1033 ,figurem
497 915 651 992 induisset
672 913 790 1016 utique
811 917 1025 1017 sphaericam,

171 1015 193 1088 sr
218 1043 324 1114 partes
345 1021 416 1116 ejus
438 1017 476 1092 in
500 1039 651 1090 centrum
677 1042 817 1114 graves,
837 1019 923 1094 olim
947 1017 1025 1092 flui-

171 1117 220 1192 ἀπ
245 1117 406 1195 fuissent.
444 1115 560 1194 Hoc
551 1141 587 1192 re
625 1117 876 1208 Hydrusttricio
899 1120 1026 1196 Archi.

169 1219 280 1294 medes
317 1217 494 1312 ostendit,
521 1219 619 1320 ut§„
656 1216 822 1315 superiore
858 1219 1025 1296 iudicavi·

168 1345 272 1396 mus
307 1325 410 1397 Motu
439 1344 552 1394 autem
576 1323 694 1396 Terrre
720 1319 810 1396 circu
833 1349 933 1398 axem
957 1321 1024 1411 fir,

171 1445 207 1494 ut
230 1423 346 1511 Terre
383 1444 495 1520 pectes
530 1421 574 1494 ab
601 1447 664 1496 ure
699 1445 861 1516 quantum
891 1373 1027 1536 possuni

122 1527 127 1532 '
171 1521 386 1607 recedentes,
415 1523 506 1616 juxta
535 1522 719 1597 medium
710 1545 800 1595 mter
831 1521 989 1597 Polou
962 1547 1025 1596 crr-

170 1622 285 1694 cusum
312 1619 485 1695 escendere
520 1644 684 1695 conentur
713 1645 772 1717 per
799 1620 871 1694 vim
910 1623 1032 1697 centri·
1123 1626 1132 1641 “

170 1718 322 1819 sugam,
364 1745 439 1817 quae
461 1745 481 1792 a
504 1718 658 1797 circulari
697 1742 795 1794 motu
830 1742 946 1794 ortum
975 1724 1032 1794 hu·

171 1819 244 1892 bet.
270 1819 354 1896 Ideo
374 1819 397 1892 fi
422 1822 536 1894 Terre
561 1817 705 1892 materia
725 1815 828 1894 fluida
847 1817 933 1893 olim
955 1817 1031 1895 suis·

175 1918 247 2011 set,
255 1918 393 2008 circuli
420 1917 551 1994 istius
541 1945 632 1993 ruter
657 1921 760 1994 Polus
785 1919 886 1994 medii
910 1917 1035 1996 diame-

172 1985 445 2120 truuinuxisset3
474 2045 575 2094 exem
597 2043 712 2096 contre
734 2017 886 2096 descensu
910 2020 968 2096 suo
992 2023 1033 2098 ed

173 2123 280 2196 Polos
307 2087 550 2211 imminitisset‚
573 2125 610 2196 δε
635 2119 778 2222 figuram
811 2121 1033 2197 constituisset

52 2215 60 2230 ’
172 2220 391 2322 sphaeroidem
419 2225 460 2296 od
492 2224 595 2296 Polus
629 2222 876 2320 compressam,
904 2227 948 2298 ed
975 2227 1033 2298 Ε-

171 2348 352 2422 quetorem
378 2322 681 2425 verodunum,
709 2322 1033 2400 ruttrionescilicet
1116 2347 1119 2353 ·

172 2422 398 2524 Ellipseos
370 2449 457 2498 crrca
482 2449 579 2496 axem
603 2379 699 2498 souin
720 2425 891 2500 minorem
911 2422 1034 2500 sorma-

171 2547 276 2602 tem.
313 2524 400 2616 Quae
423 2522 577 2602 elevatio
606 2524 736 2640 major,
769 2525 930 2601 minorve
955 2525 1034 2602 esset

174 2653 236 2728 pro
262 2626 316 2702 vis
342 2625 538 2726 centrisugae
564 2626 862 2726 quontitate.1n
895 2625 1036 2703 elevatis

175 2753 290 2804 tutem
320 2727 402 2804 lucis
430 2727 548 2844 minor
575 2727 684 2804 adhuc
677 2726 871 2840 grauiter
885 2729 965 2804 esset
990 2728 1037 2803 ub

179 2829 347 2904 minorem
374 2827 637 2928 grauitationcm
676 2826 712 2900 irr
749 2841 930 2918 centrum,
966 2853 1038 2928 que

179 2928 320 3004 dceres
293 2953 338 3000 ert
349 2953 386 3004 ut
399 2927 502 3002 eusiae
518 2927 678 3004 distantia
689 2930 909 3028 quadratum.
924 2931 1039 3037 ‘Sphau

181 3024 293 3102 roides
317 3027 421 3102 herc
412 3051 447 3098 tn
480 3028 578 3116 Jovis
605 3029 714 3142 figura
752 3025 957 3122 Telcscopio
980 3031 1040 3100 ub·

183 3125 352 3216 servetur,
378 3128 508 3202 clevata
534 3127 573 3202 ed
600 3128 698 3217 Jovit
725 3131 794 3226 AEq
796 3149 977 3226 uetorem3
1003 3131 1038 3200 ἀ

184 3227 226 3304 ad
253 3181 352 3314 Joris'
378 3227 479 3302 Polus
502 3227 543 3302 de
546 3229 670 3325 p.refft

236 3325 400 3404 Profeuo
426 3328 551 3428 quovis
546 3255 680 3404 pmodo
708 3353 765 3430 per
781 3323 924 3402 Stetices
950 3326 1037 3429 leges

935 3455 992 3504 vo·
